3938 6360
214 236 269 296 ιιι

215 348 279 406 χιιι
293 347 525 420 (perseueratum,
541 339 701 410 qualitates,
721 334 840 398 lorinus,
860 331 940 386 riiarn
961 328 1010 384 tle-

215 434 441 493 ditillaecenim
457 433 546 487 omnia
568 443 616 500 per
639 442 668 483 se
689 427 745 496 ipsa
768 424 835 478 hona
858 429 940 488 ιιιι,
963 433 1014 475 ιιι

220 529 357 588 invenitur
370 527 440 582 unde
454 523 550 594 cuique
565 529 666 576 naturae
679 519 729 574 nisi
748 516 782 572 ah
795 515 913 571 ornttinrn
926 514 1013 569 hene-

219 636 279 678 rum
294 619 349 675 hee
362 625 470 673 auctore
490 613 649 670 tribuantur.
669 609 726 666 lion
748 609 820 670 enim
842 607 912 662 sicut
931 603 1013 661 chaos

222 712 392 777 describere,
407 708 449 763 rel
462 721 568 779 quoque
582 703 661 761 mttdo
672 703 808 759 insinuare
828 701 909 755 etiam
928 705 1014 769 poetae

220 804 325 869 soient,
339 799 480 856 intormem
500 795 642 869 quamdam
664 793 803 850 materiem
825 792 883 847 sine
902 790 1013 867 specie,

219 895 278 951 alne
290 891 417 964 qualitate
429 932 438 958 ,
452 889 510 945 sine
521 901 665 953 mensura,
688 885 746 940 sine
767 898 879 939 numero
899 891 927 937 et
949 895 1016 952 pen·

219 984 304 1055 dere,
320 985 378 1040 sine
390 981 486 1038 ordine
504 995 536 1037 ac
555 978 743 1041 distinctione.
763 976 901 1032 contusum
923 973 1015 1028 neseio

219 1074 283 1146 quid
296 1116 304 1142 ,
319 1083 399 1144 atque
411 1071 520 1127 omnino
532 1083 630 1140 expers
641 1067 713 1124 omni
727 1067 855 1138 qualitate
866 1081 875 1132 ;
898 1063 968 1120 untle
980 1063 1015 1131 ii·

219 1164 265 1221 lud
279 1164 386 1236 quidam
399 1162 524 1218 doctores
542 1160 621 1233 greci
643 1165 728 1216 taeter
744 1165 860 1213 vocant:
876 1172 928 1211 non
951 1169 1015 1226 erge

219 1257 260 1313 sle
270 1254 313 1311 isti
325 1255 392 1310 hanc
399 1268 479 1325 quam
492 1260 588 1308 roeant
598 1247 871 1307 terramtenehrarum
881 1246 1016 1302 insinuare

220 1352 371 1403 conantur:
385 1343 433 1399 scd
447 1343 555 1398 omnino
568 1341 646 1396 aliter
664 1340 795 1412 longeque
813 1337 918 1394 diverse
936 1347 1015 1406 nttqrte

221 1434 355 1493 certirarie
376 1434 445 1489 latus
467 1433 540 1487 lateri
564 1430 713 1503 adjungunt
734 1438 814 1500 atque
834 1427 972 1484 colliniant
986 1425 1013 1480 ¹:

220 1535 330 1585 staturas
342 1526 460 1598 quinque
480 1532 622 1580 numerant
635 1564 643 1590 ,
663 1522 849 1592 distinguunt,
871 1519 1015 1583 ordinant,

221 1620 393 1692 qualitatibus
406 1618 518 1689 propriis
530 1617 688 1680 enuntiant;
712 1628 761 1669 nee
777 1627 824 1670 eas
844 1611 964 1669 desertas
984 1625 1016 1667 ac

222 1709 377 1767 inleeuudas
391 1723 452 1765 esse
464 1709 619 1778 permittunt
632 1747 641 1774 ,
654 1705 703 1760 sed
716 1705 778 1760 suis
795 1701 1016 1759 inhabitatoribus

210 1800 358 1871 ,complent
371 1817 377 1853 :
392 1799 485 1870 eisque
497 1798 563 1868 ipsis
577 1797 674 1852 lormas
685 1809 816 1864 congruas
829 1803 856 1849 et
869 1793 925 1848 suis
939 1790 1015 1846 habi·

222 1889 367 1946 tationihus
377 1886 591 1944 accommodatas
604 1885 771 1947 attribuunt,
786 1893 835 1951 et,
851 1882 923 1953 quod
938 1890 1015 1937 aute·

221 1981 294 2037 cellit
305 1979 449 2045 omuibus,
465 1978 557 2032 uitam.
573 1975 637 2032 llaec
656 1982 727 2030 latita
747 1974 816 2029 bona
838 1985 1015 2039 enumerare,

220 2071 289 2126 eiab
297 2079 405 2125 auctore
414 2069 532 2123 omnium
543 2067 673 2123 honorum
685 2067 740 2121 lieo
750 2067 835 2121 aliena
844 2080 902 2121 esse
910 2062 1014 2131 dicere,

218 2161 273 2227 ,hoe
285 2170 326 2218 est
340 2175 390 2217 nee
404 2160 431 2214 in
453 2158 533 2214 rebus
554 2173 699 2229 agnoscere
721 2166 823 2211 tautum
843 2155 945 2212 ordinis
968 2153 1016 2210 bo·

220 2267 303 2317 num,
317 2266 366 2308 nee
377 2250 404 2306 in
419 2265 449 2305 se
462 2257 563 2305 tanturn
576 2249 677 2304 erroris
692 2246 803 2303 ntalum.

255 2339 369 2398 CAPUT
383 2338 469 2395 XXX.
481 2368 518 2380 -
532 2340 576 2395 53.
591 2338 674 2404 Quem
686 2338 766 2393 atelle
777 2341 843 2393 bena
855 2338 882 2392 in
895 2337 927 2392 iis
938 2346 1016 2392 nniu-

217 2431 271 2505 ¹rit,
286 2449 347 2500 quos
363 2432 434 2502 penit
444 2429 601 2485 Manicheam
611 2432 637 2485 iu
650 2441 717 2485 terre
738 2430 906 2486 tenebrarunt.
917 2460 954 2472 -
963 2429 1017 2489 seit

206 2525 287 2601 istc,
301 2523 402 2594 inquit,
415 2539 506 2592 genera
516 2520 691 2590 quietqueilins
709 2531 814 2576 reiteres
830 2520 1014 2587 inlmiitartiin,

220 2630 288 2691 ιιιι
301 2623 460 2682 munirique
473 2612 601 2683 pestifera.
614 2611 695 2680 Quasi
715 2625 765 2682 ego
779 2612 805 2666 in
827 2612 868 2666 eis
886 2612 1015 2666 saevitiam

219 2715 376 2781 pestemque
390 2691 566 2760 laudaverim.
583 2703 652 2758 Eece
663 2717 713 2774 ego
724 2711 811 2759 tecum
823 2703 944 2774 vitupero
956 2719 1016 2775 quae

216 2798 248 2871 ,in
261 2797 314 2854 illis
330 2795 397 2853 naula
409 2811 470 2853 esse
482 2795 655 2851 criminaris:
670 2794 746 2850 lauda
761 2802 789 2849 tu
801 2809 904 2851 mecum
917 2810 976 2866 quae
988 2795 1015 2849 in

216 2890 274 2963 ‚titis
287 2889 426 2959 honaipse
439 2902 634 2944 commemorns
648 2903 655 2940 ι
669 2887 705 2942 ita
720 2885 822 2942 uidebis
846 2887 915 2943 horta
938 2887 1016 2943 malis

217 2979 351 3061 ¹pecuniata
366 2987 393 3036 ιι
405 2979 474 3035 velle
495 2977 724 3049 constituereque
738 2991 843 3033 summo
855 2965 882 3033 et
896 2986 1016 3032 extremo

220 3072 304 3146 maio.
319 3069 448 3143 vitupero
463 3069 499 3126 ibi
513 3078 599 3126 tecum
614 3080 716 3139 pestem
730 3085 737 3124 :
752 3069 829 3124 lauda
855 3068 890 3123 ibi
912 3084 1015 3124 mecam

213 3163 344 3229 salutent.
357 3161 416 3219 Non
430 3162 500 3217 enim
513 3176 610 3233 genera
623 3160 668 3216 illa
683 3159 725 3218 rel
734 3160 805 3232 gigni
820 3202 828 3228 ,
843 3161 885 3216 rel
899 3159 993 3215 nutriri
1006 3202 1014 3228 ,

220 3253 264 3311 rei
278 3253 426 3309 inhabitare
440 3259 537 3307 terram
550 3250 624 3307 illam
637 3251 697 3307 sine
709 3251 795 3307 sainte
808 3251 894 3322 aliqua
910 3251 1015 3322 potuis-

220 3354 289 3400 sent.
307 3343 432 3415 vitupero
446 3341 480 3397 lbi
498 3349 584 3397 tecum
598 3341 722 3397 tenebras
737 3358 744 3396 ι
758 3340 836 3399 lauda
855 3341 891 3398 ibi
910 3357 1014 3398 rneenm

211 3430 417 3502 iocunditatem.
434 3432 571 3489 Tenebras
587 3432 659 3489 enim
682 3432 749 3488 dicis
769 3433 955 3489 inestimabiles
966 3452 976 3500 ,·
987 3444 1015 3491 et

215 3522 297 3601 vaddis
309 3535 396 3579 tamen
408 3565 416 3592 ,
427 3541 486 3579 eum
495 3524 604 3595 propriis
617 3524 719 3595 fetibus.
729 3525 886 3598 Quanquam
899 3527 1014 3583 tenebrae

221 3628 275 3669 non
285 3625 346 3668 sunt
355 3627 493 3683 corporeae
504 3628 512 3680 ;
525 3621 662 3684 intuituque
673 3613 724 3670 hoc
736 3630 832 3671 uenten
846 3616 912 3671 lucis
922 3617 1015 3671 absen-

210 3688 257 3784 [tia
271 3710 313 3757 est
327 3720 334 3756 :
349 3703 417 3757 sicut
429 3702 535 3757 nuditas
549 3745 557 3768 ,
573 3717 665 3758 carere
687 3705 805 3771 vestiiu;
832 3715 858 3760 et
880 3707 1012 3776 inanitas,

211 3808 321 3868 *secare
335 3794 456 3864 eorporis
476 3792 662 3862 plenitudine:
687 3808 719 3849 ac
739 3806 877 3864 propterea
899 3797 1014 3852 iettebroe

222 3882 288 3940 nihil
303 3882 410 3954 gignere
422 3891 581 3954 potuerant,
593 3883 714 3954 quamuis
728 3893 796 3939 terra
810 3885 926 3955 potuerit
940 3895 1014 3942 tenc-

211 3962 301 4032 'brnsa
315 4018 322 4042 ‚
340 3975 436 4040 idest,
450 3991 546 4031 careus
559 3976 636 4041 luce,
654 3977 752 4047 aliquid
767 3978 883 4048 gignere.
905 3980 956 4035 Sed
971 3981 1014 4036 in·

211 4068 299 4137 ¹terim
313 4066 364 4122 hoc
375 4069 528 4124 omitetmus
541 4086 547 4121 :
562 4068 630 4124 letus
641 4077 729 4124 tamen
743 4068 786 4124 ribi
799 4071 972 4138 exoriuntur,
987 4083 1014 4129 ct

221 4169 459 4230 temperamentum
474 4167 514 4214 esi
527 4170 616 4230 apium
630 4161 708 4214 saltui
722 4162 743 4224 ¹,
758 4170 785 4215 et
806 4162 926 4230 quaedam
948 4179 1014 4219 ιιι·

220 4254 315 4309 ιοιιιι
326 4268 467 4308 ιιιιιιιιι
478 4252 584 4308 ordinat
594 4263 674 4324 atque
687 4253 712 4306 in
727 4254 853 4308 turtitaieru
867 4255 1014 4311 comtiilleat

221 4344 340 4400 meiithra
355 4345 541 4410 nascentium,
557 4345 663 4401 sibimet
686 4345 800 4402 invicem
825 4347 1013 4403 moderationis

222 4449 289 4504 pace
300 4435 482 4504 congruentia.
497 4435 562 4501 Quae
575 4437 663 4492 omnia
676 4437 736 4508 quis
748 4453 801 4508 tion
815 4437 943 4509 intelligat
957 4454 1014 4494 ma·

220 4523 378 4596 herilando,
398 4540 477 4595 quam
502 4525 624 4582 tenebras
646 4527 841 4598 vituperatione
862 4528 1012 4601 dignantia?

221 4612 349 4684 vitupero
363 4615 397 4670 ibi
412 4623 499 4670 tecum
512 4629 616 4671 coentttn
628 4618 761 4674 turbidum
773 4634 901 4693 aquarum
915 4638 921 4674 :
935 4621 1011 4676 lauda

220 4704 258 4763 ibi
268 4718 372 4760 mecum
382 4712 410 4758 et
423 4704 506 4773 ipsam
517 4706 633 4774 speciest
646 4708 853 4782 qualitatemque
862 4725 1010 4782 aqnamm,

222 4802 250 4852 el
270 4792 475 4849 inhabitatorum
504 4795 652 4849 natantium
675 4798 793 4855 membra
818 4801 1010 4873 congruentia,

220 4885 302 4941 sliam
316 4898 412 4955 eorpus
424 4883 604 4941 coratiacntem
618 4893 645 4940 et
659 4895 794 4956 regentem
805 4898 842 4955 ,ci
855 4905 935 4948 omne
944 4900 1012 4947 iem·

151 5044 154 5049 ,
220 4985 405 5048 pemmentum
419 4975 459 5031 sui
482 4975 588 5046 generis
606 4974 750 5034 rarletutiini
772 4968 1010 5038 accommodatum.

220 5069 395 5140 Quaestumuis
407 5068 478 5122 enim
491 5080 573 5138 aqttas
585 5081 709 5123 ctnuosas
728 5070 900 5144 turbidasque
921 5088 1013 5144 repre·

219 5158 322 5217 hendas
333 5200 342 5228 ,
355 5175 388 5217 eo
400 5169 488 5218 tamen
499 5159 569 5232 quod
581 5160 648 5217 tales
660 5174 743 5233 aquas
753 5162 838 5230 dieis.
851 5173 880 5220 ut
891 5165 1013 5221 animan·

251 5341 333 5395 tim,
344 5336 476 5408 eoiilrtiatat.
487 5345 525 5389 ιιι.
538 5345 635 5402 etiem,
649 5337 771 5393 coliimtnt.
789 5345 817 5391 it
838 5344 892 5392 iiss-
908 5340 1010 5405 babent,

217 5400 340 5454 colliniant
351 5412 360 5462 ;
371 5413 417 5450 scu
427 5400 492 5464 quod
502 5401 567 5451 idem
579 5400 777 5463 esseconlioiuat.
789 5408 860 5453 torte
875 5415 928 5467 pm,
941 5403 1010 5455 cette.

217 5469 301 5574 Ἧι
312 5530 369 5574 anie
381 5521 577 5588 ermemfredus
595 5528 677 5588 ιριιιι
693 5521 766 5589 relati
784 5530 808 5577 et
826 5522 947 5590 qaaednrn,
961 5532 1008 5578 etc.

218 5595 407 5708 lganrrffiisiur
418 5595 486 5647 ierus
498 5593 586 5644 auxilie
599 5592 642 5643 ils.
665 5592 788 5641 Sorhouirl
802 5597 827 5641 et
840 5593 1003 5654 antiquissimi

607 224 744 284 eosrna
765 217 953 278 rantsrouuu
972 189 1157 284 stituerunt,
1179 218 1207 271 ι.
1229 218 1411 275 ttuuusruu

1807 217 1860 277 ros
1875 224 1888 293 i

1068 327 1103 383 tia
1116 343 1163 385 saa
1179 340 1287 400 possent
1296 339 1323 386 ct
1334 331 1442 402 gignere
1453 338 1481 387 ct
1493 331 1629 388 continere
1640 372 1648 396 ‚
1660 332 1778 404 speeiem
1789 299 1886 391 illiusl

1067 420 1267 491 qualiscumque
1279 423 1399 492 corporis
1411 432 1438 478 et
1450 423 1564 493 partium
1575 422 1777 480 similitudinem
1788 466 1797 495 ,
1808 440 1862 498 qua

1068 511 1095 567 in
1108 528 1187 567 traam
1203 512 1351 570 lortrtantur
1361 523 1544 588 pacanturque
1561 515 1734 587 qualitatem,
1755 516 1863 575 aulem
1884 584 1888 592 ¹

1067 618 1119 657 non
1136 612 1213 673 potes
1225 620 1233 670 3
1246 604 1308 675 quia
1321 605 1344 661 si
1363 604 1524 669 abstuleris,
1549 605 1650 660 nullum
1670 603 1723 662 erit
1742 619 1860 678 cerpus:
1878 593 1883 603 ’

1067 711 1126 766 quae
1140 695 1229 751 omnia
1242 737 1250 763 ‚
1265 698 1287 752 si
1301 711 1331 752 es
1352 695 1453 765 homo,
1480 698 1564 754 sentis
1587 712 1648 754 esse
1668 697 1812 756 laudanda.
1826 682 1866 761 El:

1067 786 1236 857 quantumuis
1255 788 1360 868 illorum
1384 787 1591 845 inhabitatorum
1611 790 1741 847 saeuitiam
1754 833 1764 859 ,
1777 791 1862 848 etin·

1069 888 1109 934 ier
1123 878 1238 949 impetus
1250 878 1452 936 dilacerationes
1463 889 1491 937 et
1508 881 1671 938 vastationes
1693 896 1858 955 exaggeres,

1068 985 1121 1025 non
1132 970 1172 1026 eis
1182 980 1270 1027 tamen
1280 970 1377 1028 adimis
1386 987 1543 1030 numerosos
1555 972 1699 1030 lormarum
1712 976 1843 1033 terminos
1938 993 1941 997 ·

1068 1061 1164 1133 quibus
1176 1061 1228 1118 sibi
1247 1062 1349 1136 singula
1363 1079 1456 1120 eorum
1469 1079 1582 1136 corpora
1596 1065 1777 1122 membrorum
1791 1020 1861 1140 pari:

1068 1152 1142 1208 litate
1162 1160 1255 1224 pacata
1279 1163 1359 1223 sunt,
1383 1163 1411 1210 ct
1434 1163 1673 1226 temperamentum
1694 1157 1808 1226 salutis,
1833 1168 1860 1214 et

1067 1245 1239 1303 moderamen
1254 1246 1370 1303 animm¹
1386 1257 1476 1319 partes
1487 1249 1527 1303 sui
1544 1247 1664 1320 eorporis
1681 1249 1708 1304 ia
1730 1250 1859 1306 unitatem

1068 1337 1191 1393 amicitiae
1203 1339 1406 1411 concordiaeque
1427 1340 1590 1413 redigentis:
1614 1357 1674 1413 quae
1696 1341 1719 1399 si
1743 1341 1859 1398 humane

1067 1438 1147 1482 serrsu
1161 1426 1291 1496 intueris,
1316 1429 1390 1485 rides
1409 1429 1468 1501 plus
1487 1444 1546 1487 csse
1566 1430 1697 1487 laudanda
1716 1447 1796 1503 quarn
1816 1432 1859 1488 iila

1068 1516 1240 1588 vituperanda
1253 1536 1314 1592 quae
1327 1519 1477 1592 displicent.
1493 1520 1620 1592 Vitarpero
1635 1522 1671 1577 ibi
1687 1531 1774 1578 tecum
1795 1522 1858 1579 bor-

1068 1623 1156 1664 rorent
1172 1618 1310 1664 uentorum
1324 1628 1331 1664 :
1347 1609 1423 1666 lauda
1437 1611 1471 1667 ibi
1487 1626 1590 1667 mecum
1600 1611 1756 1668 corumdem
1768 1621 1860 1668 reule·

1068 1714 1127 1755 rum
1152 1702 1303 1772 spirabilem
1328 1705 1511 1775 nutricemque
1533 1713 1673 1773 naturam,
1694 1715 1722 1762 ιι
1743 1708 1858 1778 speciem

1068 1794 1188 1864 eorporis
1201 1795 1387 1850 courenieniia
1402 1796 1516 1867 partium
1530 1796 1676 1868 continuati
1688 1804 1768 1869 atque
1781 1796 1859 1853 dillu-

1068 1886 1091 1941 si
1106 1902 1114 1939 a
1130 1886 1228 1957 quihus
1241 1889 1322 1943 rebus
1331 1888 1454 1944 omnihus
1464 1889 1526 1944 iilos
1536 1888 1725 1946 inhabitatores
1737 1884 1800 1945 sues
1812 1905 1860 1961 po·
1913 1913 1917 1923 ¹

1069 1985 1157 2032 terant
1169 1986 1195 2032 et
1208 1976 1336 2050 gignere,
1350 1987 1378 2034 ιι
1389 1979 1481 2045 ιιιιι,
1496 1990 1523 2036 ιι
1543 1980 1685 2036 salubriter
1700 1981 1857 2049 continere;

1068 2085 1215 2142 eorumque
1227 2070 1453 2139 inhabitatorum,
1473 2088 1533 2128 cum
1547 2082 1642 2129 caetera
1656 2090 1715 2146 quae
1729 2075 1755 2130 in
1769 2077 1860 2131 omn?-

1068 2159 1118 2216 hus
1130 2159 1310 2218 animantibus
1322 2162 1452 2232 superiori
1468 2162 1572 2220 ratione
1586 2162 1691 2219 laudata
1705 2173 1787 2231 suttt,
1804 2176 1858 2220 tum

1068 2254 1174 2325 proprie
1187 2254 1313 2326 impigros
1325 2262 1353 2310 et
1364 2254 1454 2311 laciles
1472 2255 1542 2310 unde
1559 2255 1642 2311 relini
1655 2266 1682 2312 et
1701 2271 1755 2325 qno
1778 2257 1860 2313 uelint

1068 2345 1214 2411 transitus,
1229 2352 1256 2400 et
1270 2344 1370 2400 alarum
1386 2344 1411 2399 in
1433 2343 1524 2400 uolatu
1543 2344 1703 2401 concordem
1726 2347 1813 2403 nisum
1832 2357 1860 2403 et

1068 2444 1121 2493 ιιι
1133 2436 1264 2508 imparem
1278 2445 1389 2493 motum.
1405 2435 1530 2508 vitupero
1546 2437 1582 2493 ihi
1603 2446 1690 2494 tecum
1709 2439 1860 2509 corruptio·

1065 2543 1128 2589 ,nem
1149 2528 1236 2599 ignis:
1259 2528 1335 2583 lauda
1358 2528 1394 2586 ibi
1415 2543 1519 2584 mecum
1542 2515 1711 2600 genitabilem
1736 2530 1857 2603 ignem',

1067 2629 1095 2676 et
1109 2620 1240 2690 rigentem
1255 2629 1484 2692 opportunamque
1497 2619 1555 2691 eius
1574 2621 1792 2694 temperationem
1809 2636 1858 2676 na·
1884 2621 1889 2627 ”

1067 2713 1222 2776 scentibus,
1240 2719 1268 2766 ιι
1288 2719 1320 2766 ιι
1335 2711 1536 2779 coalescerent,
1561 2721 1589 2769 et
1609 2721 1639 2769 ut
1660 2713 1716 2769 suis
1741 2713 1859 2770 numeris
1901 2719 1909 2724 '

1068 2807 1288 2879 lineamentisque
1298 2805 1488 2878 perficerentur
1499 2846 1507 2871 ,
1518 2813 1545 2861 ιι
1556 2813 1585 2860 ut
1594 2806 1683 2862 risere
1694 2813 1775 2877 atque
1784 2804 1859 2861 habi·

1067 2899 1124 2957 tare
1137 2900 1172 2956 ibi
1186 2908 1313 2971 possent:
1328 2913 1389 2971 qum
1403 2899 1492 2954 omnia
1511 2914 1564 2977 non
1583 2899 1670 2954 solum
1686 2897 1712 2954 in
1726 2897 1795 2970 ignis
1808 2896 1858 2953 ha·

1066 2992 1214 3059 bitatione,
1228 2990 1276 3048 sed
1290 2991 1316 3046 in
1329 2990 1394 3060 ipsis
1410 3003 1515 3061 quoque
1536 2988 1716 3045 habitantibus
1737 2985 1857 3044 miranda

1067 3094 1093 3140 et
1107 3082 1304 3138 laudandaessc
1314 3081 1463 3152 rognoscis.
1476 3078 1605 3150 vitupero
1615 3079 1650 3135 ibi
1662 3087 1750 3137 ιιιιιι
1762 3079 1860 3136 obsera·

1067 3177 1173 3231 ritatem
1194 3173 1278 3241 latmi,
1299 3183 1326 3230 et
1348 3173 1539 3229 immanitatem
1562 3172 1690 3244 prhtcipis'
1703 3170 1789 3244 quiin
1803 3187 1855 3240 eo,

1066 3269 1134 3324 sicui
1149 3266 1235 3333 dieis,
1251 3267 1423 3323 morabatur:
1437 3264 1514 3322 lauda
1529 3264 1566 3321 ibi
1577 3280 1684 3322 mecum
1693 3264 1765 3337 quod
1776 3264 1818 3320 ιιι
1829 3264 1856 3321 ιι

1067 3360 1125 3432 ipso
1139 3361 1210 3415 lutae
1222 3359 1320 3414 nullam
1336 3366 1438 3437 partem
1452 3357 1556 3414 iuuenis
1567 3355 1722 3414 dissimilem
1733 3357 1855 3424 rmteris3

1066 3467 1099 3509 ex
1114 3470 1165 3524 quo
1178 3454 1204 3509 iu
1216 3467 1314 3524 genere
1325 3467 1374 3507 suo
1390 3450 1502 3520 partiunt
1525 3449 1595 3505 inter
1616 3463 1647 3505 se
1664 3463 1773 3505 suarum
1791 3463 1856 3504 eon·

1065 3547 1214 3619 gruentiam
1227 3545 1388 3615 modumque
1397 3540 1514 3617 custodit
1526 3583 1533 3608 ,
1546 3552 1574 3596 ut
1585 3540 1699 3613 quadam
1710 3540 1811 3597 unitatis
1822 3541 1868 3596 sit,

1066 3639 1136 3709 quod
1149 3648 1191 3694 est
1203 3654 1210 3691 :
1224 3653 1284 3708 quae
1299 3649 1378 3691 nemo
1389 3633 1479 3690 sobrie
1491 3632 1663 3697 considerat,
1674 3641 1764 3689 elnon
1780 3633 1857 3688 mira·

1066 3732 1155 3788 hiliter
1167 3731 1265 3786 laudat.
1278 3728 1347 3798 Quid
1362 3770 1370 3796 ,
1385 3726 1456 3792 quod
1470 3727 1550 3784 etiaim
1563 3725 1637 3781 lumo
1648 3726 1725 3782 addis
1737 3727 1790 3782 rim
1804 3742 1856 3797 pe·

1067 3822 1229 3894 tentiamque
1238 3820 1380 3892 generandi
1393 3863 1401 3888 ,
1413 3818 1520 3893 quando
1531 3817 1617 3875 eidem
1630 3831 1735 3888 quoquc
1749 3816 1855 3874 inhahi-

1056 3923 1164 3970 tutores
1181 3913 1315 3984 principes
1328 3911 1422 3967 tribuis
1436 3928 1443 3966 :
1457 3918 1488 3965 ut
1499 3906 1571 3980 quod
1583 3907 1627 3965 hic
1639 3923 1773 3978 nunquam
1787 3907 1856 3963 ridl-

1067 4020 1144 4068 mus.
1160 4004 1194 4060 ihi
1207 4003 1295 4059 lamus
1309 4002 1436 4060 lecundns
1450 4001 1505 4066 sit,
1519 4010 1546 4056 ei
1557 3997 1690 4055 salubrem
1705 3998 1762 4054 suis
1777 3998 1854 4054 habi·

1065 4096 1194 4153 tatoribus
1210 4095 1330 4164 prmhrat'
1340 4090 1527 4150 mansionem?

1056 4225 1060 4231 ·
1100 4187 1212 4246 curui
1231 4186 1327 4243 xxiii.
1348 4215 1384 4228 ·-
1404 4180 1755 4252 ib'lleeotiemarqtmrenie.
1777 4177 1855 4246 Qttud

1064 4283 1145 4339 etiam
1160 4282 1186 4337 in
1201 4281 1260 4352 ipso
1278 4279 1342 4334 lumi
1363 4277 1482 4349 principe
1501 4272 1690 4330 immanitatem
1707 4269 1790 4327 solam
1806 4269 1855 4325 ad·

1064 4375 1166 4433 vertisti
1187 4389 1266 4447 quam
1288 4374 1471 4444 vituperares,
1485 4383 1573 4425 nortae
1589 4364 1702 4437 debuisti
1717 4361 1855 4421 attendere

1064 4478 1160 4527 caetera
1172 4484 1231 4541 qum
1246 4475 1271 4522 te
1285 4464 1312 4522 in
1325 4465 1382 4536 ejus
1397 4474 1498 4519 naturae
1516 4456 1784 4529 laudemoogcrenti
1800 4457 1852 4514 lla-

1064 4561 1144 4620 ltebat
1152 4563 1224 4619 enim
1233 4560 1348 4614 artimam
1359 4565 1387 4612 ct
1396 4571 1509 4636 eorpus;
1522 4553 1596 4608 iliam
1605 4551 1793 4617 siuihcaniem,
1805 4550 1856 4606 hoe

1056 4653 1117 4709 ¹rita
1132 4651 1288 4723 inspiratum
1299 4668 1308 4704 ι
1318 4663 1379 4704 cum
1392 4647 1438 4703 illa
1450 4653 1565 4717 regeret,
1579 4643 1631 4699 ιιι
1642 4642 1854 4714 obtemperaret3

1064 4743 1109 4800 illa
1124 4743 1246 4815 praeiret,
1262 4741 1313 4797 hoe
1326 4735 1608 4810 subsequereturpilia
1623 4735 1790 4800 contineret,
1804 4733 1856 4790 hoe

1063 4853 1117 4893 non
1130 4834 1277 4902 delineret;
1299 4833 1344 4889 illa
1358 4839 1476 4889 mereret
1490 4831 1516 4886 in
1534 4842 1676 4896 numeres,
1694 4827 1746 4884 hoe
1760 4842 1855 4885 tiuare-

1063 4943 1124 4985 resa
1138 4926 1318 4982 membromm
1337 4925 1494 4996 compagine
1515 4921 1741 4980 constabiliretur.
1761 4918 1855 4975 Notans

1064 5027 1090 5074 tc
1102 5017 1136 5073 ad
1149 5015 1254 5074 landem
1266 5026 1356 5074 moret
1369 5017 1394 5072 in
1409 5015 1461 5071 boc
1474 5029 1529 5072 uuo
1542 5013 1675 5085 principe,
1689 5011 1733 5069 rei
1747 5026 1796 5084 pax
1808 5024 1854 5092 or-

1062 5109 1164 5176 dinata,
1180 5108 1222 5166 uel
1234 5108 1301 5165 ordo
1313 5109 1441 5186 pacatusi
1449 5107 1530 5175 ,Quod
1542 5114 1631 5163 autem
1644 5104 1679 5162 de
1690 5120 1745 5161 uno
1754 5103 1854 5161 dicium

1062 5211 1114 5270 ιιι,
1123 5199 1449 5271 pedemontanam
1460 5186 1532 5256 acet.
1541 5198 1595 5255 seu
1605 5194 1856 5255 enumerarentur·

1056 5282 1135 5352 'ierus
1150 5302 1177 5349 et
1188 5277 1330 5349 immanis?
1345 5293 1402 5350 Non
1416 5291 1469 5348 hoc
1481 5289 1577 5358 laude,
1592 5289 1640 5347 sed
1654 5297 1726 5345 ιιιιι
1739 5287 1785 5345 illa
1796 5302 1856 5360 qum

1063 5401 1117 5444 nen
1130 5384 1331 5468 ris-attendere.
1345 5385 1410 5454 Quae
1423 5383 1446 5440 si
1461 5382 1501 5440 rel
1515 5380 1668 5438 admonitus
1681 5380 1800 5436 intuetur
1812 5386 1856 5434 ιι-

1095 5585 1103 5619 ¹
1122 5588 1154 5633 tta
1164 5581 1241 5634 order
1252 5581 1412 5632 rorireiensts.
1425 5580 1484 5632 editi
1496 5590 1565 5641 ruo,
1574 5574 1727 5630 maternum
1735 5573 1829 5640 laram.
1923 5597 1928 5606 ,

1096 5649 1106 5680 ¹
1123 5644 1190 5706 editt,
1206 5642 1331 5711 qmtiiulrut
1344 5643 1432 5709 ignorit.
1881 5672 1883 5676 Α
