3938 6360
166 277 219 334 tao

202 389 362 458 Augustinus
381 387 520 456 episeopus
541 383 666 439 Ecclesiae
684 380 822 437 catholico
851 357 951 448 llippo·

165 479 342 548 neregieusis,
355 478 396 532 lus
410 477 435 531 in
449 475 560 532 ecclesia
575 488 664 531 coram
678 471 777 544 populo
786 468 874 527 Gestis
885 466 950 523 sub·

165 574 269 642 scripsi.

540 274 583 328 DE
602 271 700 328 scits
719 270 790 327 CUM
809 267 1145 335 sublestissimum,
1164 272 1183 327 S
1215 272 1394 329 aucusulut

1748 279 1805 335 536

1001 360 1003 365 ’
1041 381 1115 436 l'elix
1138 379 1311 446 christianus,
1333 383 1421 438 cultor
1440 383 1505 454 legis
1528 384 1689 455 llanielraui,
1705 386 1753 443 bis
1778 387 1804 440 in

1005 473 1117 529 ecclesia
1132 486 1222 529 coram
1241 474 1338 544 populo
1350 473 1437 531 Gestis
1449 475 1605 548 subscripsi.

172 682 1217 714 Μ

637 762 871 877 LIBER
923 755 1333 864 SECUNDUS.

762 941 866 1006 nora
887 933 1076 1000 sedunum
1096 934 1191 996 nini.

913 1085 1045 1140 &OQ-bl&

197 1214 461 1283 cumlaudabat.
477 1245 513 1261 ν·
525 1218 592 1274 Cum
605 1225 713 1274 ventum
734 1223 807 1272 esset
828 1209 862 1267 ad
880 1208 950 1264 diem

159 1310 348 1384 praestitutum,
362 1309 388 1366 id
400 1317 451 1377 est,
463 1310 496 1365 ad
509 1310 594 1383 pridie
604 1309 694 1365 iduum
704 1305 894 1369 decembrium,
905 1313 951 1356 res

160 1402 200 1454 sic
212 1399 252 1469 agi
266 1400 346 1468 oepit
360 1398 386 1454 in
398 1399 511 1455 eeclesia
523 1399 610 1454 Pacis.
629 1399 796 1455 Auonsrtuns
810 1392 951 1464 episcopus

160 1479 950 1560 Ecclesiaecatholicaellipponeregieusiumregionumdirit:

161 1579 266 1635 iridem
278 1595 339 1636 eom
349 1593 503 1636 sermonem
514 1579 683 1644 babemmus,
697 1577 851 1632 dilationem
865 1582 891 1628 te
901 1584 948 1642 pe·

162 1673 235 1727 :iisse
256 1673 399 1728 tireruiuisti
412 1713 420 1739 ,
434 1687 495 1727 oum
513 1671 546 1727 ad
559 1655 591 1727 ea't
602 1685 660 1743 quae
680 1669 903 1740 interrogaveram
922 1662 949 1718 in

161 1764 287 1832 praesenti
308 1763 472 1833 respondere
494 1776 548 1818 nou
571 1775 674 1833 posses.
686 1759 715 1816 st
736 1773 801 1830 ergo
823 1765 877 1812 tam
896 1755 951 1809 lato

160 1851 289 1922 terriporis
307 1853 411 1924 spatio,
431 1861 492 1924 post
511 1851 581 1908 diem
595 1849 696 1910 scilicet
707 1849 827 1921 quintum
850 1843 949 1917 aliquid

160 1941 326 2011 excogitasti,
336 1941 477 2012 responde.
485 1940 541 1997 llos
550 1941 622 1996 euim
633 1951 695 1996 tune
708 1940 948 2008 interrogaveram:

161 2033 191 2086 Si
210 2034 265 2088 lieo
288 2048 384 2089 nocere
403 2032 469 2088 nibil
494 2040 616 2103 poterat,
642 2045 725 2102 quare
746 2029 845 2085 bollum
868 2027 951 2099 gessit

160 2138 220 2177 eninr
249 2132 326 2194 geute
346 2138 424 2193 qnam
441 2122 529 2178 dicitis
557 2122 746 2188 tenebrarum,
765 2120 791 2174 in
811 2132 864 2189 quo
880 2118 950 2174 bello

162 2223 263 2267 renunc
275 2213 426 2268 daemonum
440 2213 565 2268 miseeret
586 2211 760 2269 substantiam
781 2223 875 2273 suam,
890 2222 950 2279 quae

160 2303 210 2357 lroc
222 2311 263 2358 est
275 2302 346 2374 quod
359 2303 433 2373 ipse,
449 2302 518 2359 sieut
529 2302 584 2373 jam
598 2301 775 2371 iuterrogatus
787 2298 899 2356 dixisti?
919 2296 948 2354 Si

159 2400 249 2447 antem
264 2407 360 2448 nocere
374 2391 399 2448 ei
412 2399 534 2461 poterat,
550 2405 603 2446 non
624 2388 851 2459 incorruptibilem
864 2386 947 2443 mum

160 2482 264 2545 colitis,
288 2482 393 2552 qualem
413 2480 512 2537 veritas
534 2488 567 2536 ct
599 2479 743 2550 apiostoliea
768 2477 887 2535 doctriua
909 2484 950 2534 te·

160 2579 256 2626 statur.

195 2661 278 2718 Frnrx
288 2662 374 2719 dirit:
387 2662 429 2718 lix
442 2676 519 2734 quoa
533 2661 677 2718 Saucdtate
689 2670 732 2717 tua
746 2657 861 2726 recessi,
876 2656 949 2714 utad

157 2751 230 2809 diem
245 2754 418 2809 constitutum
440 2767 565 2810 reversus
585 2766 687 2818 msem,
708 2761 737 2810 ut
759 2750 949 2821 responderem

62 2886 75 2905 2
94 2842 104 2879 ··'
121 2834 124 2840 “
151 2824 212 2899 'iiie
233 2842 451 2915 interrogationi,
472 2857 646 2915 quascumque
665 2842 748 2897 uelles
764 2841 947 2912 interrogare,

159 2942 268 2990 verinum
281 2944 323 2990 est
336 2933 369 2989 ad
383 2933 454 2990 diem
468 2952 474 2989 :
490 2941 518 2989 et
527 2933 586 3005 quia
598 2932 697 2988 nullam
709 2931 867 3001 scripturam
878 2931 948 2987 iuter

160 3039 254 3080 ritanus
266 3024 362 3092 bubni,
377 3023 439 3094 quia
453 3039 506 3078 rron
525 3023 589 3077 milri
609 3029 671 3077 sunt
688 3020 798 3087 redditae
813 3019 883 3075 unde
904 3035 948 3074 me

159 3116 290 3171 instruero
303 3129 426 3186 possem:
440 3115 529 3170 nullus
542 3112 614 3168 enlm
627 3112 659 3168 ad
672 3121 808 3168 certamen
817 3110 880 3174 exit,
895 3110 946 3165 uisi

159 3208 235 3276 prius
248 3206 385 3262 munitus¹
401 3205 496 3271 luerit,
510 3215 537 3260 et
551 3203 639 3259 nullus
654 3203 771 3274 litigator
790 3208 876 3280 potest
887 3200 946 3256 siue

159 3297 216 3352 suis
229 3295 329 3353 chartis
340 3295 462 3366 litigare;
475 3292 598 3349 similiter
610 3300 637 3349 et
647 3306 697 3363 ego
714 3291 772 3346 sine
790 3303 849 3345 mea
879 3289 946 3344 scri·

160 3398 237 3457 ptura
250 3387 412 3459 respondere
425 3401 478 3442 nou
494 3399 612 3457 possum.

193 3477 261 3534 Anu.
273 3478 358 3533 dixit:
376 3476 457 3532 lstam
485 3473 730 3548 tergiversationem
751 3479 825 3527 muto
843 3470 946 3526 diemm

158 3566 244 3635 spurio
257 3565 429 3637 excogitasti,
442 3579 503 3636 ane
530 3571 557 3619 te
571 3564 596 3618 iu
610 3576 689 3619 eausa
701 3559 804 3632 perdita
816 3568 844 3616 et
855 3574 947 3617 errore

159 3656 288 3725 sacrilego
300 3654 363 3726 quid
375 3654 538 3724 respondeas
551 3667 603 3709 uon
616 3652 757 3707 habentem
768 3649 895 3722 adjuvare
906 3650 948 3705 ui-

160 3746 197 3799 lril
216 3744 322 3816 poterit
336 3741 434 3800 Notum
455 3751 497 3799 ost
517 3742 588 3798 enim
610 3740 733 3797 omuibus
751 3740 796 3810 qui
817 3738 944 3805 aderaut,

158 3849 226 3904 qums
238 3835 318 3890 etiam
331 3848 402 3889 nunu
411 3832 506 3888 adesse
517 3832 604 3896 video,
613 3838 640 3887 te
652 3830 756 3886 dierum
769 3835 870 3884 lautum
881 3827 946 3883 dila-

159 3919 257 3974 tionem
271 3917 391 3988 petiisse:
403 3915 526 3972 debuisse
535 3922 623 3971 autem
638 3922 729 3985 petere
738 3913 818 3969 etiam
828 3911 945 3980 codices,

158 4008 266 4078 quarsdo
281 4007 434 4064 dilationem
448 4005 566 4077 petilstl,
585 4003 609 4061 si
628 4003 670 4059 liis
683 4012 709 4060 te
724 4003 834 4074 putabas
849 4002 944 4059 instrui

157 4117 238 4171 posse
256 4098 289 4158 ad
304 4098 536 4171 respondendum:
555 4096 625 4168 quod
648 4110 700 4152 uon
720 4092 898 4150 iecistillovi
919 4103 946 4149 te

158 4194 266 4264 petiisse
279 4192 401 4258 aridices,
416 4205 468 4246 non
483 4188 591 4261 quidem
605 4187 637 4243 ad
650 4184 850 4242 instructionem
861 4183 945 4254 inspi-

157 4286 284 4352 ciendos,
295 4298 387 4342 rerum
401 4283 451 4338 lroe
471 4282 548 4352 louge
559 4289 702 4351 antequem
716 4287 820 4349 peteres
838 4275 944 4331 dilatio·

157 4392 235 4431 trem:
251 4391 311 4431 cum
323 4373 551 4432 nerodilationem
567 4370 675 4442 petiisti,
690 4369 811 4426 cardicum
825 4367 872 4422 tibi
883 4365 945 4422 red·

157 4466 303 4521 drudorum
316 4473 344 4522 et
355 4462 592 4535 inspiciendorum,
607 4469 637 4516 ut
650 4475 709 4516 esse
723 4472 816 4530 posses
839 4459 941 4513 iustru-

156 4560 235 4622 etior,
244 4557 342 4612 nullam
357 4555 441 4612 iecisti
455 4554 627 4611 mentionem.
813 4599 820 4612 .

193 4649 258 4706 Fut.
269 4647 356 4704 dixit:
372 4647 449 4702 llodo
465 4656 526 4717 peto
538 4645 655 4710 codices,
670 4642 815 4700 reddantur
828 4638 903 4705 mibi,
918 4647 946 4696 et

156 4739 236 4794 renio
252 4735 285 4791 ud
302 4744 437 4793 eertumen
452 4741 512 4805 post
523 4733 651 4795 biduum:
671 4732 730 4788 etsi
752 4731 838 4786 victus
854 4730 944 4792 luero,

157 4827 228 4898 quod
238 4826 441 4890 deliberaveris,
458 4825 551 4880 subeo.

193 4920 261 4974 llus.
275 4917 360 4972 dixit:
376 4914 479 4971 liudem
492 4922 518 4971 te
535 4914 562 4968 iu
583 4914 632 4968 ista
651 4912 779 4969 scelerata
801 4920 874 4966 secta
892 4924 944 4966 non

82 5040 84 5045 ·
157 5021 218 5064 csse
226 5015 303 5078 puto,
316 5005 387 5077 quod
399 5012 426 5061 et
439 4999 538 5059 lateris.
549 5002 607 5058 llon
621 5010 749 5057 renotem
762 5002 862 5056 babere
874 4999 945 5071 quod

157 5096 389 5170 respondeasetd
399 5106 426 5151 tu
438 5109 490 5150 uon
500 5090 710 5158 ferentinensis
718 5091 943 5162 lromojamvidet.

157 5191 209 5248 Sed
223 5190 283 5261 quia
297 5188 404 5244 codices
416 5195 476 5243 tuos
495 5184 592 5256 repetis
601 5224 610 5250 ,
620 5183 664 5255 qui
677 5183 727 5237 sub
740 5182 826 5252 sigillo
841 5180 947 5251 publico

156 5276 454 5349 r,ustodiuntur,qnibns
466 5274 592 5345 inspectis
609 5273 675 5328 dicis
687 5279 712 5327 te
728 5272 885 5326 instructum
900 5284 945 5325 re-

41 5383 50 5395 ‘
158 5376 216 5439 nire
225 5385 304 5447 posse
317 5375 379 5442 post
391 5366 519 5432 biduum:
536 5362 599 5420 illud
611 5361 681 5435 quod
693 5361 747 5433 jam
761 5367 878 5426 renutat,
898 5359 945 5415 ob-

156 5467 233 5533 ,imtis
242 5459 434 5538 questionibus
446 5467 471 5514 te
482 5453 643 5528 respondere
653 5468 704 5510 uon
717 5451 834 5524 potuisse
847 5451 944 5506 recole.

189 5611 513 5678 ¹tonetttsmrilitutro.

1005 1203 1079 1263 Tolle
1102 1216 1191 1266 autem
1214 1211 1320 1268 codices
1340 1221 1420 1279 tuos,
1444 1223 1470 1270 et
1489 1214 1532 1271 dic
1553 1215 1616 1287 qnid
1641 1216 1707 1274 iude
1729 1217 1795 1274 vesu

1003 1296 1050 1352 tibi
1072 1298 1201 1368 proferri,
1215 1303 1285 1373 quod
1308 1303 1386 1358 modo
1405 1303 1529 1374 inspicias
1546 1313 1576 1368 et
1595 1305 1776 1376 respondeas.

1038 1388 1104 1444 Fut.
1124 1390 1210 1446 dixit:
1225 1389 1324 1450 Omnes
1344 1393 1489 1463 scripturas
1510 1409 1569 1464 qum
1591 1395 1656 1450 milri
1680 1395 1794 1452 sublata

1002 1487 1074 1533 suut.
1097 1476 1148 1534 lsta
1167 1481 1239 1537 enim
1260 1482 1370 1552 epistola
1394 1482 1569 1539 Fundameuti
1589 1493 1647 1550 est,
1669 1485 1745 1555 quod
1768 1496 1794 1539 et

1003 1568 1137 1626 Sanctitas
1151 1580 1193 1627 tua
1207 1573 1276 1629 bene
1288 1573 1354 1638 scit,
1369 1575 1439 1645 quod
1457 1581 1484 1630 et
1496 1588 1546 1645 ego
1559 1572 1633 1640 dixi,
1648 1575 1714 1647 qnia
1736 1575 1793 1646 ipsa

1003 1661 1121 1718 eontinet
1134 1660 1249 1731 initium,
1272 1665 1389 1721 medium
1411 1674 1440 1722 et
1452 1665 1542 1722 duem.
1558 1664 1617 1736 lpsa
1631 1652 1755 1738 legatur,
1767 1679 1794 1723 ct

1002 1753 1127 1824 quidquid
1146 1755 1246 1813 malum
1266 1757 1390 1829 objicitur
1411 1759 1461 1830 legi
1484 1774 1572 1827 meae,
1593 1761 1742 1830 probetur:
1766 1770 1794 1816 et

1002 1861 1071 1917 nego
1084 1847 1155 1902 illam
1168 1889 1178 1915 ,
1192 1849 1214 1902 si
1229 1849 1340 1919 probata
1354 1851 1452 1906 luerim
1464 1851 1508 1906 illa
1520 1852 1633 1908 erimina
1645 1868 1708 1924 qun
1720 1853 1793 1923 obji-

1001 1935 1105 1991 ciuntur
1116 1936 1167 2007 legi
1175 1952 1254 1997 meso.

1036 2026 1104 2082 dno.
1126 2026 1191 2083 dixit
1205 2045 1212 2081 :
1225 2026 1357 2095 Quoniam
1373 2028 1462 2086 lateris
1476 2030 1544 2087 bauo
1555 2045 1615 2087 esse
1627 2031 1791 2102 epistolam,

1000 2117 1186 2178 udeoctriuoe
1200 2128 1297 2176 vestre
1311 2121 1432 2186 initium,
1456 2122 1571 2179 medium
1586 2131 1614 2179 et
1628 2124 1688 2179 linis
1702 2126 1792 2179 ronti·

1000 2217 1098 2274 netur,
1113 2209 1165 2266 boc
1186 2210 1289 2266 initium
1304 2226 1383 2282 qnam
1402 2212 1436 2267 sit
1456 2212 1631 2283 sacrilegum,
1646 2213 1691 2269 ubi
1707 2214 1792 2268 Deum

1000 2299 1087 2356 dicitis
1103 2317 1232 2374 pugnasse
1249 2311 1464 2375 contingentem
1479 2304 1666 2368 tenebrarum,
1681 2313 1710 2360 et
1739 2306 1791 2359 uri·

1000 2391 1101 2447 senisse
1122 2402 1222 2449 nature
1246 2392 1396 2449 daemomm
1420 2392 1590 2464 polluendam
1614 2402 1642 2449 et
1655 2393 1790 2466 ligandam

1000 2492 1102 2553 partem
1115 2499 1207 2548 suam,
1229 2500 1289 2555 quae
1308 2484 1359 2540 boc
1373 2484 1497 2555 estquod
1518 2485 1589 2555 ipse:
1611 2493 1665 2539 tam
1679 2486 1790 2540 saerile-

999 2588 1061 2642 gnm
1075 2582 1132 2641 est,
1147 2583 1177 2629 ut
1194 2575 1258 2631 lerri
1272 2575 1315 2630 vix
1329 2575 1363 2631 ab
1376 2575 1544 2631 audientibus
1558 2575 1659 2644 possit:
1675 2573 1728 2630 boe
1741 2575 1790 2630 ob·

998 2663 1087 2733 jicitnr
1101 2665 1188 2734 primo
1198 2675 1278 2720 suctu
1292 2674 1407 2730 vestrm,
1431 2664 1488 2721 sive
1501 2663 1605 2720 initium
1620 2664 1672 2720 boc
1684 2679 1786 2730 uoces,

999 2755 1056 2810 sive
1069 2754 1194 2820 medium,
1211 2756 1268 2812 siue
1281 2755 1371 2823 duom,
1387 2771 1439 2811 non
1454 2755 1532 2812 valde
1545 2755 1571 2812 id
1584 2771 1670 2820 euro:
1684 2756 1737 2813 boc
1748 2767 1789 2811 ta-

1000 2861 1061 2900 men
1080 2845 1113 2901 de
1126 2846 1175 2901 hac
1192 2846 1320 2916 epistola,
1334 2861 1414 2918 quiam
1438 2847 1529 2903 itteris
1550 2862 1611 2905 esse
1631 2848 1791 2915 lirinieluei,

1000 2935 1095 2991 lectum
1111 2951 1237 2992 essenon
1253 2951 1354 3008 negas:
1376 2937 1426 2992 boe
1438 2936 1513 2992 vobis
1527 2936 1660 3008 objicitur,
1678 2936 1730 2994 lroc
1741 2938 1789 2993 de·.

1000 3025 1093 3091 lende,
1113 3027 1135 3080 si
1155 3018 1250 3096 potes,
1266 3037 1294 3081 ut
1312 3026 1346 3081 ad
1367 3026 1417 3081 alia
1442 3027 1588 3082 ueniamus.
1600 3024 1678 3084 Unde
1692 3027 1789 3084 iterum

998 3120 1154 3190 interrogo:
1171 3121 1192 3174 si
1212 3120 1295 3175 lieum
1314 3119 1540 3189 incorruptibilem
1563 3120 1662 3185 colitis,
1677 3121 1743 3190 qnid
1764 3122 1790 3175 ei

998 3225 1095 3266 nocere
1109 3218 1228 3280 poterut,
1250 3210 1341 3266 neseio
1355 3225 1413 3281 quae
1426 3224 1492 3282 geos
1513 3209 1624 3266 adversa
1639 3225 1720 3281 quam
1736 3212 1787 3265 ιΙιι-

997 3301 1080 3373 gitisi
1099 3300 1125 3356 Si
1145 3301 1212 3355 nihil
1235 3301 1260 3356 oi
1280 3314 1376 3355 rrooere
1398 3306 1517 3370 poterat,
1540 3299 1611 3354 nulla
1633 3313 1717 3354 cansa
1740 3299 1789 3355 luit

998 3409 1080 3465 quare
1092 3402 1193 3464 partem
1208 3399 1399 3448 suamuaturae
1420 3390 1571 3447 daemonum
1585 3391 1788 3451 commisceret.

998 3484 1026 3540 Si
1037 3495 1126 3540 autem
1138 3498 1235 3540 nocere
1247 3483 1272 3540 ei
1286 3491 1406 3555 poterat,
1423 3496 1477 3537 non
1492 3482 1575 3539 Deum
1594 3482 1788 3553 incorruptibi-

997 3574 1049 3630 lem
1062 3573 1157 3630 colitis.

1032 3664 1145 3724 CAPUT
1173 3662 1205 3719 ll.
1227 3694 1263 3705 -
1281 3663 1345 3720 Fet.
1359 3660 1425 3720 dixit
1439 3680 1445 3718 :
1460 3655 1620 3719 blaoielrmus
1640 3662 1703 3717 dicit
1719 3660 1790 3718 duas

997 3770 1057 3814 esse
1076 3766 1200 3823 naturas,
1211 3765 1239 3813 et
1253 3755 1332 3812 modo
1345 3754 1406 3813 iude
1417 3753 1547 3825 culpatur,
1561 3753 1622 3825 quia
1637 3754 1706 3809 dixit
1721 3755 1789 3809 duas

997 3864 1067 3917 esse,
1078 3849 1174 3904 bonam
1185 3858 1212 3905 et
1221 3849 1327 3904 mabm.
1337 3848 1458 3905 Christus
1471 3846 1498 3904 in
1508 3848 1651 3917 Evangelio
1663 3847 1731 3904 duas
1741 3847 1786 3903 di·

997 3934 1034 3996 ‘uit
1054 3954 1113 3996 esso
1125 3939 1256 3995 arbores:
1272 3940 1352 3996 Arbor
1364 3939 1428 3994 doun
1442 3955 1568 4010 utinquam
1589 3938 1652 4010 {unt
1676 3941 1788 4012 frustm

997 4031 1092 4085 nutum
1103 4070 1111 4097 ,
1124 4039 1148 4085 et
1167 4030 1242 4085 orbor
1254 4030 1322 4085 muln
1342 4045 1470 4101 nunquam
1490 4019 1550 4102 fucit
1562 4027 1675 4098 [metum
1694 4031 1788 4084 bouum

997 4123 1103 4195 (Multi.
1118 4138 1171 4188 uir,
1184 4123 1238 4193 ll).
1254 4123 1322 4179 Eece
1334 4121 1399 4176 duas
1410 4129 1529 4177 naturas.
1544 4119 1645 4176 Deinde
1660 4118 1686 4175 in
1697 4111 1787 4175 Enarr-

996 4216 1066 4288 gelio
1088 4201 1276 4284 scriptumest
1290 4231 1297 4269 :
1312 4211 1442 4285 Numquid
1455 4202 1546 4268 bonurn
1559 4228 1643 4266 remen
1655 4214 1789 4269 :uoluenti

995 4312 1022 4366 iu
1034 4312 1115 4382 agro?
1130 4310 1204 4368 Uinde
1213 4318 1384 4383 uppnnrerunt
1395 4308 1515 4362 munnio?
1531 4306 1586 4362 lios
1596 4306 1714 4362 iuimicus
1727 4307 1786 4379 {ecit

997 4401 1052 4474 (lu.
1068 4417 1115 4459 xur
1127 4442 1135 4465 ,
1146 4398 1199 4466 27,
1213 4399 1269 4471 28).
1285 4398 1337 4455 lste
1351 4398 1472 4455 inimicus
1488 4397 1509 4452 si
1524 4412 1576 4453 nou
1590 4405 1631 4469 est
1642 4407 1788 4453 extraneus

996 4509 1011 4549 a
1027 4494 1102 4560 lieo,
1116 4493 1242 4564 probetur
1250 4492 1314 4547 mibi
1330 4509 1337 4545 :
1353 4490 1376 4546 si
1388 4490 1421 4544 ad
1436 4490 1517 4544 [terrm
1534 4487 1648 4558 pertinet
1661 4488 1788 4543 iuimicus

997 4587 1063 4652 iste,
1078 4586 1156 4657 quale
1166 4600 1257 4641 semen
1272 4583 1431 4642 seminavit?
1443 4582 1508 4637 ltem
1521 4581 1548 4636 iu
1561 4581 1704 4651 Evangelio
1717 4584 1787 4636 seri·

997 4686 1070 4748 ptum
1083 4685 1142 4746 est,
1156 4675 1262 4732 Christo
1274 4675 1388 4739 dicente,
1399 4673 1459 4745 quia
1476 4672 1502 4727 in
1515 4671 1668 4727 novissimis
1682 4679 1789 4740 tempo·

998 4771 1071 4826 ribus
1096 4769 1219 4825 throunni
1244 4768 1270 4821 iu
1293 4765 1381 4820 medio
1403 4764 1501 4819 smculo
1525 4773 1623 4834 ponet,
1645 4771 1671 4817 el
1699 4763 1788 4817 nrittot

997 4861 1111 4931 Angelos
1126 4873 1188 4914 snos
1202 4859 1228 4912 in
1243 4859 1373 4913 orientem
1388 4865 1414 4911 et
1427 4854 1608 4920 occidentem,
1623 4856 1787 4925 septentrio·

997 4966 1057 5007 nem
1067 4959 1094 5005 et
1106 4947 1259 5011 meridiem,
1273 4954 1300 5002 et
1310 4945 1481 5017 congregabit
1502 4958 1596 5000 omues
1614 4953 1708 5015 gentes
1724 4954 1789 5000 ante

997 5056 1037 5108 se,
1053 5049 1080 5095 et
1093 5039 1227 5109 separabit
1245 5037 1321 5103 illos,
1337 5035 1406 5091 sicut
1426 5043 1518 5105 pastor
1537 5041 1644 5112 separat
1657 5047 1742 5105 agnos
1754 5034 1789 5088 ab

998 5130 1091 5187 haedis.
1107 5129 1141 5185 Ει
1154 5138 1182 5184 ut
1193 5126 1367 5199 compendive
1379 5125 1486 5188 dicam,
1506 5122 1582 5196 agnis
1601 5123 1672 5179 dicet
1686 5141 1694 5178 ι
1707 5122 1748 5177 lte
1762 5125 1789 5177 ιἰι

997 5237 1102 5293 requum
1115 5219 1182 5290 quod
1199 5218 1266 5273 uobis
1280 5198 1396 5287 puratum
1409 5225 1445 5270 est
1460 5216 1490 5271 ub
1503 5215 1599 5286 origiue
1610 5215 1708 5269 usundi.
1724 5215 1789 5269 ilzu-

997 5315 1039 5372 dis
1058 5313 1145 5378 dicet,
1159 5311 1204 5383 qui
1220 5312 1246 5366 in
1257 5310 1364 5366 sinistra
1383 5317 1457 5380 parte
1471 5317 1533 5364 srrtrt
1547 5325 1554 5362 :
1567 5305 1713 5362 Recediteu
1727 5322 1788 5373 ure,

996 5407 1040 5478 qui
1052 5403 1148 5476 operati
1167 5402 1226 5456 estis
1241 5401 1395 5471 iniquitatem
1410 5415 1420 5454 :
1436 5412 1532 5453 nomeu
1547 5398 1618 5451 enim
1633 5411 1722 5451 meum
1738 5395 1789 5451 lra-

998 5496 1101 5564 bnistis,
1117 5493 1164 5550 sed
1176 5508 1256 5564 opera
1270 5508 1322 5547 uon
1336 5490 1454 5555 iecistis;
1471 5490 1503 5543 ile
1517 5488 1636 5559 inignem
1649 5496 1788 5552 eternum,

997 5591 1041 5651 uui
1054 5596 1156 5662 paretur
1167 5599 1202 5641 eu
1215 5583 1315 5640 diabolo
1326 5592 1351 5639 et
1362 5582 1458 5663 enneli:
1472 5581 1528 5652 ejas:
1541 5577 1595 5653 (lu.
1606 5593 1675 5647 xxv,
1685 5577 1788 5657 lul-dl).
