3938 6360
131 277 181 341 111

131 397 275 456 recedam:
288 398 392 470 suscepi
408 398 478 456 enirn
494 396 567 469 prius
582 395 718 454 robiscum
732 393 772 451 sic
784 409 879 465 agere,
891 404 920 451 ot

132 484 185 548 noir
198 505 249 562 ego
261 505 310 547 ros
320 490 431 548 doceam
444 533 452 559 ,
477 490 547 563 quod
561 490 704 560 superbum
719 487 831 544 lortasse
850 487 922 543 arbi-

132 581 256 648 tramini;
271 581 319 638 scd
335 591 459 653 tanquam
472 582 529 652 ipsc
548 597 562 636 a
577 581 650 636 robis
663 581 766 636 discere
779 574 920 645 studeam,

129 670 202 744 quod
215 686 312 728 norem
325 672 402 728 annis
414 687 467 728 noa
483 671 567 744 potui.
579 671 747 742 Quapropter
760 669 846 725 habco
860 669 920 740 qui·

131 749 181 822 bus
195 764 304 820 Litteris
317 763 425 820 credam
438 764 472 820 de
485 762 598 819 advento
613 762 728 833 Spiritus
741 760 846 828 sancti,
860 759 920 831 qui·

131 856 182 912 bus
200 870 246 911 mc
267 854 378 912 credere
399 856 422 910 si
444 855 611 926 prohibetis,
634 869 668 910 ne
690 862 791 909 umere
813 851 921 908 credam

130 944 202 1016 quod
224 945 315 1001 nescio
328 962 336 1010 ;
350 946 389 1000 sic
403 946 474 1002 enim
489 944 581 1001 soletis
595 959 722 1010 moriere:
739 942 821 998 multo
835 936 922 996 minias

131 1036 228 1093 restris
239 1036 348 1093 litteris
369 1036 489 1094 credam.
504 1037 612 1103 Quare,
630 1044 676 1091 aut
695 1049 788 1090 omrrcs
816 1033 897 1090 libros
913 1034 921 1066 ¹

130 1122 234 1183 auferte
246 1126 282 1183 de
302 1126 408 1194 medio,
423 1135 450 1183 et
470 1126 630 1198 disputando
643 1125 750 1196 pandite
761 1124 901 1180 veritatem
914 1165 921 1189 ,

131 1217 225 1288 dequa
236 1217 357 1273 dubitare
368 1232 420 1273 non
434 1218 549 1289 possim:
563 1227 608 1272 aut
620 1217 687 1273 tales
700 1215 816 1286 proiecte
829 1215 921 1279 libros,

31 1311 34 1314 ’
132 1309 230 1382 quibus
252 1325 307 1365 non
330 1310 395 1365 anibi
418 1325 478 1366 curn
500 1308 651 1378 arrogantia
675 1303 827 1378 imp'onator
851 1305 922 1376 quod

131 1401 304 1468 eredam‚sed
318 1400 475 1458 exhibeatur
483 1401 540 1456 sinc
553 1399 644 1456 bande
656 1399 726 1471 quod
739 1398 847 1455 discam
859 1398 924 1455 Fan·

132 1501 224 1556 tasse,
240 1491 349 1562 inquis,
371 1500 400 1548 ct
420 1491 478 1546 bac
500 1491 612 1562 epistola
636 1491 698 1546 ralis
712 1499 765 1546 est.
782 1490 848 1546 llario
861 1505 924 1561 ergo

132 1583 160 1640 in
184 1583 243 1654 ejus
263 1583 355 1640 limine
377 1583 488 1639 ulterius
511 1568 804 1640 immorari2ini'eriora
832 1582 925 1638 videa·

132 1687 202 1728 mus.
302 1745 304 1750 Α

167 1764 280 1821 cat‘br
297 1764 341 1820 ill.
352 1795 389 1806 -
402 1765 445 1822 12.
466 1765 601 1821 Veritatem
610 1767 741 1836 pollicetur
757 1766 923 1831 Martialem,

76 1923 81 1934 ,
133 1876 185 1914 rou
198 1857 345 1914 eabibet.-
356 1858 493 1927 llaecruut,
506 1859 601 1931 inquit,
611 1861 722 1914 calabrie
734 1860 818 1925 uerbo,
836 1875 868 1914 ea
882 1875 925 1926 pe-

132 1951 204 2006 rcurri
224 1966 255 2004 oc
275 1950 330 2004 cieo
353 1953 437 2022 sonte·
452 1967 509 2021 quoe
526 1951 569 2022 qui
582 1953 707 2018 audierit,
722 1961 745 2007 et
766 1953 857 2007 eisdem
875 1954 927 2022 pri·

134 2059 205 2096 nrum
229 2040 389 2109 crediderit,
413 2043 503 2096 deinde
523 2059 579 2115 quar
600 2044 731 2099 insinuaut
759 2044 923 2110 melodient,

134 2149 264 2204 nunquam
276 2134 412 2189 eritmorti
423 2135 560 2201 obnoxius,
573 2150 659 2190 uerum
673 2145 768 2190 arana
782 2135 926 2207 ctglorioea

135 2225 185 2282 uita
198 2229 304 2297 fruetur.
320 2223 390 2281 Naue
403 2229 516 2298 profecto
529 2227 615 2282 beatus
636 2237 672 2283 ert
691 2229 863 2300 judicandus,
883 2231 927 2298 qui

135 2315 183 2369 bae
205 2316 290 2370 diviua
321 2317 458 2372 instructor
482 2317 623 2389 cognitione
653 2318 750 2390 samii,
776 2336 821 2388 per
851 2335 926 2392 quam

31 2470 36 2477 ἱ
136 2405 255 2460 liberatur
277 2406 302 2460 in
321 2408 474 2478 sempiterno
496 2410 547 2463 cito
567 2409 730 2481 permanebit.
753 2409 789 2465 Er
805 2410 882 2474 brec,
899 2422 927 2466 ιιι

45 2505 50 2511 “
135 2499 186 2552 ridi
197 2499 248 2571 tis,
264 2498 419 2568 pollicitatio
434 2508 494 2568 est,
509 2495 626 2555 nundum
641 2500 770 2557 exhibitio
785 2503 903 2560 ueritatis
919 2522 924 2556 :

127 2597 161 2646 ‘et
174 2606 222 2645 rm
235 2606 341 2662 qnoque
355 2591 570 2650 animaduertere
583 2592 711 2651 bucillime
731 2596 860 2667 potestis,
877 2598 927 2652 isto

136 2683 270 2739 velamine
282 2684 415 2754 quoslibet
426 2699 532 2741 errores
545 2682 630 2741 lucari
644 2701 733 2756 posse,
746 2696 774 2742 ut
787 2688 927 2759 imperito·

136 2787 195 2829 rum
208 2774 304 2829 animis
326 2789 373 2844 per
393 2786 513 2831 ornatam
533 2775 643 2846 jarrunm
665 2777 780 2835 latenter
794 2778 925 2850 irrepant.

137 2862 170 2919 si
178 2864 249 2919 enim
261 2863 381 2921 diecret:
398 2866 461 2922 lbec
474 2878 537 2922 sum
549 2868 675 2938 pestilera
687 2870 784 2937 rerba,
799 2886 831 2927 ex
846 2887 927 2928 rene·

137 2969 204 3010 uerso
217 2955 306 3023 lontc;
321 2973 381 3028 quae
391 2958 435 3029 qui
450 2958 574 3024 audierit,
586 2968 613 3016 ct
627 2960 729 3016 eisdem
744 2963 928 3033 primumcre·

137 3046 234 3103 diderit
246 3089 253 3112 ,
267 3047 365 3105 deinde
381 3064 439 3121 quae
453 3050 588 3106 insinuant
601 3052 775 3119 custodierit,
793 3070 927 3125 nunqnam

137 3137 189 3192 erit
201 3138 261 3194 ritu
283 3122 481 3206 restituendos,
507 3156 598 3197 uerum
612 3144 710 3213 poenali
731 3153 758 3199 ct
778 3160 927 3199 mrnrnuusa

139 3238 227 3285 morte
241 3229 371 3287 allicictur
385 3231 461 3302 (nana
477 3232 596 3302 prolecto
610 3234 692 3291 miser
704 3245 744 3291 est
756 3237 926 3307 judicandus,

136 3322 180 3391 qui
196 3320 246 3377 bac
259 3321 362 3379 inlcrna
376 3323 525 3394 implicatus
538 3327 669 3396 imperitia
685 3328 774 3394 luerit,
791 3345 927 3400 perquam

137 3412 275 3468 demersus
288 3414 315 3469 in
327 3416 497 3486 sempiternis
509 3418 669 3474 eruciatibus
683 3422 869 3492 permanebit)
883 3439 891 3488 ;
906 3420 927 3477 si

137 3517 202 3574 crgo
215 3502 265 3560 boc
277 3503 377 3560 diceret
389 3547 396 3571 ,
410 3521 501 3562 rerum
514 3507 631 3564 diceret:
653 3510 700 3566 sed
713 3510 781 3566 libro
794 3511 856 3568 buia
872 3527 923 3567 non

138 3596 224 3649 soban
247 3597 349 3651 nullum
370 3598 526 3654 conciliaret
544 3599 686 3667 lectorem;
710 3601 758 3657 scd
782 3618 876 3660 omnes
897 3604 923 3658 in

137 3700 249 3757 quaerum
264 3703 357 3743 manus
370 3688 554 3757 incidisset,·in
569 3692 683 3747 maxima
697 3692 756 3747 odia
770 3696 926 3752 concitaret.

138 3779 316 3846 Quamolrem
335 3781 369 3838 ad
386 3785 577 3857 consequentia
596 3793 785 3852 transcensio,
812 3806 860 3846 nec
881 3807 929 3846 ros

138 3870 187 3924 ista
210 3869 424 3943 decipiantque
446 3883 557 3944 possunt
588 3890 648 3933 esse
679 3876 756 3932 bonis
777 3886 804 3934 et
828 3879 927 3948 unalis,

137 3958 224 4016 doctis
245 3971 270 4017 et
297 3963 411 4021 indoctis
435 3966 516 4022 rerba
537 3968 701 4024 communia.
714 3968 783 4037 Quid
808 3985 872 4042 crgo
890 3971 929 4027 sc-

139 4056 243 4124 qnitnr?
698 4102 704 4107 .

174 4146 218 4201 la.
241 4144 317 4208 Pac,
331 4146 432 4217 inquit,
446 4147 495 4204 ner·
516 4151 665 4219 irrisibilis,
690 4161 715 4206 ct
735 4153 846 4208 veritatis
865 4154 930 4209 uoti-

143 4236 178 4289 tia
193 4237 225 4290 ab
239 4253 296 4290 cum
309 4238 429 4311 {rotmiro
440 4242 535 4296 sauciis
546 4253 570 4297 er
581 4243 749 4310 abderama,
763 4245 806 4314 qui
820 4246 929 4300 curanda·

65 4343 70 4349 ·
139 4326 171 4378 tir
183 4325 322 4382 calcatibus
338 4329 442 4383 credam
456 4332 550 4401 pariter
560 4341 634 4403 atque
650 4335 804 4390 deserviunt.
819 4335 857 4391 lta
872 4336 903 4391 sit
918 4378 925 4402 ,

143 4423 172 4469 ut
183 4414 257 4471 dicit.
272 4415 339 4471 Nem
354 4426 381 4472 et
402 4418 451 4474 ista
466 4419 578 4491 benigna
591 4429 620 4478 et
631 4423 815 4494 acceptissima
830 4428 930 4495 optatio

140 4517 192 4561 est.
206 4505 319 4562 'lamam
336 4508 535 4565 meminerimus
549 4510 607 4568 iaaac
617 4520 672 4583 cta
687 4513 763 4569 bonis
776 4513 930 4573 doctorilurs

138 4607 165 4654 et
178 4597 395 4670 adeceptoribus
408 4599 462 4656 diei
475 4615 564 4672 posse.
578 4601 669 4674 ltaque
682 4603 705 4658 si
718 4604 788 4659 nulla
805 4605 855 4660 nisi
869 4606 930 4661 talia
955 4611 960 4621 “

137 4687 257 4757 diceret,
280 4690 404 4754 omnibus
427 4691 566 4762 legendum
588 4705 615 4750 ct
633 4694 848 4766 amplectendum
869 4712 930 4754 csse

137 4779 323 4837 concederem.
338 4781 392 4839 Nec
408 4783 452 4861 illa
465 4800 525 4855 quae
539 4783 629 4842 adbuc
643 4795 809 4858 sequuntur,
826 4789 929 4860 impro-

122 4880 124 4886 ’
142 4874 260 4930 bauerim
274 4890 281 4929 ι
297 4874 416 4947 adiungit
428 4878 512 4943 enim,
527 4877 580 4938 Sed
590 4888 613 4933 et
626 4878 729 4937 dertare
743 4880 846 4937 luminis
856 4892 946 4964 traca-h

125 4975 178 5025 ¹ter
190 4975 214 5022 ct
228 4968 318 5038 cripim
333 4982 375 5023 ror
386 4969 417 5023 ab
429 4971 498 5024 orrrui
513 4971 683 5028 incursatione
692 4974 846 5047 anulique¹,
869 4987 894 5033 cl
913 4998 929 5034 a

137 5055 233 5128 ioqaea'r
257 5060 355 5113 mundi.
379 5061 413 5116 Et
435 5063 545 5118 omnino
568 5064 695 5136 quidquid
723 5066 750 5122 in
771 5066 851 5138 buius
872 5073 929 5143 epi-

137 5151 211 5204 stolae
237 5152 367 5222 principio
388 5154 516 5225 scriptum
538 5166 602 5224 est,
627 5157 713 5216 donec
747 5163 870 5218 veniatur
894 5165 926 5220 ad

136 5257 265 5307 eausam,
288 5244 351 5298 nolo
382 5246 606 5316 reprehendere,
638 5264 672 5305 nc
703 5251 734 5306 in
763 5252 845 5308 rebus
878 5254 927 5308 nri-

136 5333 244 5388 noribns
279 5335 393 5389 rrrnitunr
424 5351 512 5407 cpcrae
548 5348 730 5395 consumatur.
768 5341 827 5396 iarn
862 5359 926 5415 ergo

137 5423 362 5481 euidentissimum
394 5427 611 5497 pollicitationem
637 5430 753 5488 bominis
776 5433 922 5490 rideamne.

125 5490 132 5554 1
170 5513 282 5571 corbe
306 5516 363 5572 llll.
383 5549 419 5558 -
438 5518 481 5575 11.
502 5519 673 5576 Deliramerrle
687 5521 833 5579 llorrlcluri.
853 5524 925 5582 Prec-

167 5644 176 5674 ¹
193 5643 268 5701 editi,
280 5651 322 5696 ctu
332 5652 420 5698 uestros
431 5646 504 5700 libror
514 5662 603 5703 orrmca
613 5652 703 5712 libeat,
715 5657 818 5714 uestros,
831 5669 844 5705 a
855 5664 908 5709 lise.

168 5705 182 5736 ²
193 5707 346 5758 corbeiensis
355 5708 446 5774 omns,
455 5707 484 5762 ub
491 5710 557 5764 eruti
566 5710 700 5767 decursione
710 5713 824 5782 malique.

839 279 941 336 arnan
960 256 1059 337 uuus.

1717 289 1768 348 159

974 384 1037 448 lium
1056 403 1115 449 aute
1134 395 1223 450 muudi
1235 395 1437 453 meratitationcm
1449 399 1620 455 certatricem.
1637 431 1673 444 -
1685 402 1724 459 De
1737 422 1766 460 eo

974 483 1061 555 igilur,
1076 483 1171 556 inquil,
1190 485 1270 556 frater
1282 486 1443 543 dilectissime
1458 487 1578 554 Pallici¹,
1594 491 1626 545 de
1639 507 1689 564 quo
1705 493 1769 550 mibi

974 576 1133 648 significasti,
1150 577 1246 646 dicens,
1262 577 1345 636 Nosse
1357 589 1383 647 tc
1392 596 1482 653 cupere
1491 583 1638 655 cajuaarodi
1648 585 1687 639 sic
1698 586 1768 641 arcii-

974 667 1038 722 aitor
1056 666 1119 723 Arba
1132 679 1156 723 rt
1172 666 1244 732 an,
1258 679 1344 724 utram
1364 669 1438 727 aerbo
1455 673 1506 727 dat
1520 673 1596 727 iidem
1616 674 1720 745 prolati,
1735 668 1769 733 iar

976 760 1133 831 primogeniti
1149 776 1297 831 excerpere
1310 777 1320 816 ι
1335 763 1526 833 respondebitur
1535 762 1578 818 tibi
1595 772 1624 819 ui
1638 764 1766 836 respub.
1847 756 1850 761 ’

977 848 1094 924 Namque
1106 852 1137 907 de
1158 853 1197 907 bis
1212 869 1228 907 a
1242 853 1373 926 plerisque,
1387 855 1413 909 r'a
1427 856 1503 911 aeriis
1518 856 1652 928 scripturis
1664 857 1771 914 relatio·

975 943 1111 1013 albusque¹
1135 942 1254 998 dissimili
1275 945 1349 999 modo
1364 943 1485 1000 inscrtum
1499 956 1575 1017 atque
1588 951 1770 1005 commemora·

962 1038 1029 1086 'truu
1050 1042 1095 1088 ert.
1113 1033 1274 1106 Quapropter
1295 1030 1386 1090 ueritas
1399 1035 1471 1091 istius
1484 1037 1522 1091 rei
1540 1044 1567 1091 ai
1584 1053 1638 1094 aere
1651 1038 1724 1094 babet
1736 1038 1768 1094 at

975 1122 1096 1178 uniuersis
1121 1125 1174 1194 fere
1196 1125 1311 1194 gentibus
1333 1124 1473 1195 ignoratur,
1494 1133 1518 1181 rt
1539 1128 1571 1181 ab
1591 1127 1707 1185 omuibus
1725 1131 1769 1202 qui

974 1216 1050 1268 eliam
1063 1215 1095 1270 de
1107 1216 1153 1269 boc
1167 1215 1211 1269 dia
1224 1215 1378 1286 narritrtruque
1398 1217 1570 1290 disputarunt.
1590 1219 1620 1275 st
1635 1221 1702 1275 enim
1716 1221 1769 1277 r'lb'r

975 1321 1051 1376 super
1071 1305 1135 1360 elder
1157 1315 1180 1361 et
1205 1306 1266 1362 Eure
1287 1310 1448 1380 peroratione
1470 1310 1621 1382 prouenisset
1636 1314 1769 1386 manifesto

976 1413 1133 1469 cognoscere,
1149 1415 1277 1471 uunquam
1297 1401 1453 1472 corruptioni
1466 1411 1490 1456 cr
1504 1402 1579 1457 morti
1599 1390 1767 1473 subjacerem.

976 1488 1142 1546 llanilcstam
1155 1490 1409 1562 crgocognitianem
1425 1489 1505 1563 bujns
1519 1493 1557 1549 rei
1573 1493 1650 1549 nobis
1665 1494 1769 1564 pollice

977 1590 1030 1649 tur,
1041 1597 1074 1636 ne
1087 1583 1250 1652 corruptioni
1263 1599 1295 1639 ac
1309 1585 1387 1640 morti
1401 1584 1582 1655 subiiciamnr.
1597 1586 1633 1642 lit·
1644 1589 1666 1642 si
1681 1585 1768 1642 adbuc
1812 1648 1813 1657 χ

978 1689 1071 1746 ροιιιιιι
1090 1683 1142 1741 est,
1156 1674 1215 1729 vide
1228 1675 1290 1746 quid
1312 1682 1460 1746 sequatur:
1475 1674 1624 1733 Necessario
1635 1694 1709 1750 ¹erqo,
1724 1678 1768 1733 iri-

977 1768 1044 1836 quit,
1060 1766 1142 1837 plura·
1152 1778 1212 1840 aaut,
1224 1779 1283 1824 aute
1294 1769 1525 1839 courmemorauda,
1541 1778 1568 1825 ut
1582 1770 1616 1825 ad
1631 1770 1699 1827 istud
1711 1754 1769 1842 trup-

977 1860 1081 1913 sterium
1096 1861 1217 1916 circuilu
1239 1861 1320 1932 percit
1330 1861 1492 1933 ambiguitate
1511 1863 1644 1933 perueniri.
1659 1863 1716 1921 lloe
1728 1846 1771 1921 e'si

977 1949 1048 2018 quod
1061 1949 1194 2018 dicebam,
1215 1952 1254 2007 sic
1280 1951 1344 2007 mibi
1358 1951 1535 2008 demonstrari
1547 1953 1646 2010 debere
1670 1955 1769 2012 uerita·

978 2050 1042 2107 ianr,
1057 2051 1085 2098 nt
1097 2042 1131 2098 ad
1143 2043 1265 2099 eamdem
1281 2044 1340 2101 sine
1353 2045 1405 2100 ulla
1420 2045 1593 2116 anabigoltate
1605 2030 1768 2116 perseniam.

977 2133 1055 2202 erod
1070 2135 1092 2189 si
1116 2135 1173 2204 ipse
1194 2149 1248 2189 non
1272 2136 1453 2204 polliceretur,
1468 2153 1511 2192 me
1531 2137 1619 2194 tam'en
1637 2138 1689 2195 bac
1711 2132 1770 2196 cri·

977 2240 1041 2296 gere
1068 2236 1095 2282 et
1110 2226 1237 2296 vllngitare
1258 2228 1413 2298 oportebat,
1436 2237 1466 2284 nt
1487 2239 1557 2284 tanta
1578 2229 1702 2289 mercede
1720 2232 1769 2291 co·

977 2317 1104 2387 gnitionis
1125 2317 1332 2375 erideartssianae
1351 2329 1432 2390 atquc
1449 2316 1607 2378 certissimae
1620 2339 1654 2379 ex
1674 2320 1771 2393 calbe-

979 2409 1031 2464 lico
1058 2409 1205 2465 christiano
1229 2409 1390 2480 quibuslibet
1412 2411 1656 2471 contradicentibus
1684 2402 1772 2490 arani·

978 2499 1081 2556 cbacnm
1096 2515 1140 2556 me
1164 2500 1221 2555 lieri
1237 2515 1296 2578 Ιιιοιι
1316 2500 1437 2572 puderet.
1458 2501 1516 2557 ianr
1540 2504 1620 2576 igitur
1633 2496 1789 2591 audiemps

978 2591 1043 2663 quid
1064 2591 1168 2647 aberat.
1633 2613 1637 2619 ·

1015 2682 1059 2737 15.
1081 2681 1190 2738 eladae·
1209 2682 1254 2738 tibi
1266 2683 1374 2753 ridetur,
1386 2684 1483 2757 inquit,
1497 2687 1616 2751 amculia
1631 2689 1702 2758 priua
1715 2704 1773 2759 quoe

979 2774 1074 2845 farciat
1091 2783 1150 2828 unte
1162 2776 1365 2830 constitutionem
1384 2777 1519 2841 maerdice
1541 2794 1591 2849 qao
1610 2787 1683 2850 pacto
1702 2760 1772 2851 prce-

979 2865 1042 2922 lium
1062 2867 1094 2922 rit
1106 2867 1240 2939 epitetum,
1251 2876 1278 2923 at
1292 2869 1374 2940 porris
1392 2869 1496 2924 lurruinir
1508 2868 1642 2942 sejungere
1655 2854 1773 2927 ratmunt

979 2973 1009 3012 ae
1023 2958 1189 3012 tenebrarum.
1204 2957 1263 3014 lam
1280 2958 1444 3015 incredibilia
1460 2968 1487 3016 ct
1501 2959 1567 3016 laisa
1579 2961 1689 3020 omnine
1709 2979 1774 3034 pro·

982 3049 1079 3120 posuit.
1093 3049 1158 3116 Quis
1170 3051 1242 3105 enim
1260 3050 1352 3105 credat
1372 3061 1434 3107 ante
1447 3052 1665 3108 constitutionem
1680 3054 1773 3111 muudi

966 3139 1064 3194 'ullum
1089 3140 1208 3210 praelium
1233 3140 1315 3196 iniisse
1336 3142 1531 3197 eonrmissuml
1545 3143 1578 3198 Et
1593 3151 1681 3200 minen
1696 3144 1720 3199 si
1731 3152 1774 3213 est
1856 3202 1859 3206 Δ

979 3228 1117 3297 credibile,
1133 3231 1214 3286 modo
1225 3247 1273 3286 nos
1288 3248 1340 3287 non
1354 3232 1475 3301 eredere,
1487 3233 1534 3289 sed
1553 3249 1715 3305 cognoscere
1727 3250 1774 3291 uc·
1793 3218 1848 3293 s

980 3323 1078 3378 nimus.
1099 3322 1223 3393 Numqui
1242 3323 1308 3378 dicit
1323 3324 1419 3379 Persas
1430 3335 1458 3381 et
1472 3324 1585 3398 Supinas
1598 3335 1661 3383 ante
1676 3328 1774 3386 maritos

979 3428 1065 3468 annos
1086 3429 1179 3470 secum
1201 3413 1326 3480 bellasse,
1351 3430 1407 3470 reru
1431 3415 1497 3473 dicit
1516 3416 1690 3485 credibilem
1712 3434 1773 3476 cem

981 3511 1069 3558 nmen
1083 3518 1161 3573 quam
1181 3503 1222 3559 rel
1237 3503 1354 3571 auditam
1370 3506 1411 3561 rel
1435 3506 1533 3564 lectam
1556 3523 1698 3578 possennus
1711 3524 1773 3568 cre·
1809 3523 1811 3527 ’

980 3594 1056 3660 dere,
1072 3610 1125 3649 non
1144 3605 1281 3665 expertam
1306 3597 1580 3671 comprehensamque
1599 3615 1772 3671 cognoscere.

980 3688 1047 3743 (lum
1060 3701 1126 3758 ergo
1144 3687 1225 3743 istoru
1240 3687 1421 3759 repudiarem,
1435 3689 1457 3745 si
1474 3690 1527 3746 talo
1541 3690 1641 3763 aliquid
1653 3692 1772 3756 diceret:
1818 3750 1824 3756 ,

981 3793 1034 3833 non
1049 3778 1120 3833 enim
1135 3792 1166 3833 ca
1182 3765 1313 3850 promisit,
1326 3794 1385 3850 quae
1397 3790 1504 3853 cogeret
1517 3780 1638 3850 credere,
1649 3783 1696 3839 scd
1714 3801 1774 3858 quae

981 3884 1088 3941 possem
1108 3870 1168 3927 sine
1179 3870 1233 3926 ulla
1253 3871 1427 3943 ambiguitate
1445 3887 1606 3944 cognoscere
1620 3891 1626 3928 :
1640 3877 1775 3946 quomode

980 3975 1042 4015 enm
1063 3975 1117 4015 non
1132 3961 1289 4031 repudiabo,
1304 3961 1411 4033 qnando
1423 3978 1476 4019 non
1490 3963 1570 4020 modo
1585 3965 1685 4020 incerta
1698 3966 1773 4032 dicit,

982 4051 1029 4107 scal
1043 4053 1123 4108 etiarn
1137 4052 1325 4109 incredibilia?
1341 4052 1394 4110 Sed
1409 4053 1495 4125 quid?
1509 4055 1531 4109 si
1547 4055 1680 4125 aliquibus
1694 4058 1783 4132 ratio--

982 4145 1059 4199 nibus
1069 4159 1100 4199 ca
1114 4145 1253 4214 perspicua
1264 4153 1291 4200 et
1303 4145 1410 4216 cognita
1424 4145 1519 4201 saciet?
1538 4147 1685 4203 Aruliarnus
1698 4165 1773 4221 crgo,

982 4235 1005 4289 si
1024 4249 1178 4304 possumus,
1202 4249 1264 4290 cum
1287 4243 1342 4290 rota
1368 4236 1493 4306 patientia
1519 4245 1546 4290 et
1571 4237 1678 4293 lenitate
1702 4239 1775 4311 quod

983 4326 1112 4396 seqnitur.

1017 4415 1132 4472 CAPUT
1146 4414 1260 4472 xttl.-
1273 4416 1317 4472 lli.
1332 4414 1398 4472 Due
1411 4415 1557 4473 substantie
1569 4419 1713 4477 contrarie.
1725 4418 1776 4477 lle·

982 4523 1060 4577 qnam
1073 4506 1185 4562 iuuenis.
1196 4506 1211 4561 1
1214 4517 1300 4591 aeota
1315 4524 1362 4578 pro
1376 4509 1451 4563 certis
1463 4509 1531 4564 tradi
1543 4509 1729 4570 cruentatae.
1738 4543 1776 4555 -

985 4597 1047 4653 llac
1055 4597 1159 4668 quippe,
1172 4597 1268 4668 inquit,
1283 4597 1310 4653 iu
1322 4599 1427 4655 ceordic
1439 4604 1551 4671 suerunt,
1562 4602 1620 4658 data
1629 4602 1776 4660 substantie

983 4705 998 4742 a
1010 4705 1064 4745 reae
1073 4690 1170 4746 dioirtr.
1181 4689 1216 4746 Et
1226 4689 1329 4746 lucrinis
1341 4693 1442 4766 quidem
1454 4693 1589 4765 imperium
1599 4695 1696 4753 terebat
1707 4696 1777 4755 aeus

984 4781 1073 4848 Pater,
1086 4781 1114 4837 in
1127 4798 1175 4837 rua
1195 4795 1284 4839 sancta
1307 4786 1386 4858 stirpe
1405 4795 1552 4857 perpetuus,
1565 4789 1593 4843 iu
1607 4789 1697 4846 uirtute
1719 4808 1769 4846 raro·

983 4871 1102 4946 qrripicur,
1117 4883 1210 4928 notura
1223 4874 1280 4944 ipra
1294 4890 1376 4940 aerae,
1399 4877 1538 4932 eternitate
1552 4879 1657 4949 propria
1678 4897 1779 4952 semper

968 4963 1121 5028 'maritare
1144 4964 1293 5019 οοιιιΐιιοιιιι
1313 4966 1384 5036 apud
1413 4984 1440 5022 ae
1459 4969 1611 5038 sapientiem
1639 4978 1663 5024 el
1689 4987 1778 5052 census

982 5057 1094 5112 uitales:
1115 5073 1160 5125 per
1182 5056 1261 5126 quor'
1282 5059 1357 5114 etiam
1380 5059 1514 5116 duodecim
1535 5062 1648 5119 membra
1675 5064 1778 5121 luruirir

981 5147 1022 5201 sai
1035 5147 1236 5216 courprebeurbt,
1260 5149 1331 5220 regni
1354 5149 1468 5205 uidelicet
1491 5151 1588 5223 proprii
1612 5152 1714 5214 diuitias
1738 5157 1778 5228 ai-

981 5239 1095 5309 poenica.
1118 5238 1150 5292 ln
1171 5255 1322 5310 unoquoque
1344 5251 1428 5297 autem
1454 5240 1623 5302 menrbrorutu
1637 5245 1692 5325 ejus
1716 5261 1777 5305 ciart

1012 5352 1021 5386 ¹
1032 5351 1100 5412 edlu,
1110 5348 1266 5404 diberiasimc
1272 5352 1370 5405 oradirti.
1384 5354 1544 5409 vetusmdex
1554 5359 1708 5411 corbeiensis
1720 5372 1779 5411 arata

979 5413 1047 5464 urllle
1057 5426 1133 5465 anuos
1144 5415 1255 5477 scriptus,
1265 5415 1325 5474 loco,
1337 5415 1526 5482 cataractarum,
1539 5421 1626 5473 Potrici
1636 5435 1645 5472 :
1657 5419 1720 5472 lorto
1733 5435 1773 5474 uo

979 5488 1037 5526 meu
1048 5474 1114 5527 illius
1123 5477 1161 5528 cni
1173 5474 1300 5538 epistolam
1310 5477 1378 5531 dedit
1393 5481 1542 5534 rutenicllaus.

1010 5539 1020 5569 ¹
1038 5546 1088 5586 nm.
1101 5545 1127 5588 et
1143 5538 1227 5601 piures
1238 5545 1301 5598 tiss„
1312 5539 1548 5606 resolutionibusque.

1010 5599 1023 5632 ⁸
1037 5599 1074 5650 sle
1085 5605 1136 5650 bre.
1149 5598 1210 5650 editi
1230 5611 1299 5664 rere,
1312 5602 1445 5656 arcndtrtc
1456 5604 1555 5669 propria
1565 5602 1699 5668 earrrbrmr,
1710 5617 1728 5654 a.
1736 5616 1774 5655 m·

967 5672 1022 5719 per
1033 5659 1162 5719 continens,
1177 5667 1231 5711 etea

1012 5723 1023 5754 ⁸
1039 5720 1149 5773 uocandi
1161 5730 1224 5788 urm,
1235 5738 1280 5790 per
1290 5726 1373 5791 qrtrmr.
