3938 6360
82 262 149 323 tort
649 250 918 323 uueneuturus
937 247 1091 308 oeemus.
1644 247 1714 308 ‚aaa

77 388 131 447 que
144 369 302 430 substantia.
315 367 344 426 Si
358 382 423 439 erqo
438 367 496 424 baee
510 366 643 424 intellecta
657 377 736 433 sunt,
748 377 777 423 ct
787 381 871 439 quan·
925 363 1064 420 existimet
1082 361 1237 419 charitatem
1261 362 1396 434 appellare
1420 363 1549 437 Spiritum
1574 376 1693 427 sammaa
1706 408 1714 431 ,

80 473 136 522 tum
156 464 234 520 nobis
247 464 273 519 ln
289 463 371 519 rebus
385 460 466 516 tantis
480 457 570 515 ridere
582 457 624 514 rel
644 458 795 529 conjectare
806 472 872 514 con·
922 456 984 527 quio
994 465 1022 510 et
1036 455 1105 511 Deus
1118 454 1196 511 Pater
1208 464 1235 512 et
1246 455 1316 512 bens
1325 454 1409 513 Pilius
1417 464 1507 529 potest
1520 456 1638 519 ebaritas
1648 473 1715 525 trutt-

79 570 185 626 cessum
197 563 320 624 est,rcra
334 567 394 610 esse
407 551 575 616 claruemnt;
586 549 677 606 nescio
688 565 736 605 eur
749 564 803 606 nen
815 549 871 606 sic·
923 546 1026 617 copari.

79 656 109 705 ut
120 648 249 720 sapientia
262 656 289 702 ct
301 645 380 707 Pater
393 644 490 700 dicitur
502 652 529 700 et
539 641 623 699 Pilius
643 651 671 698 et
683 640 798 712 Spiritus
810 655 871 696 san·
961 637 1301 712 materiammaterial
1324 641 1370 696 bet
1385 640 1502 699 Verbum
1517 642 1625 713 proprie
1639 653 1717 700 roca·

78 749 148 805 cttrs,
164 748 191 807 et
203 739 281 796 simul
294 752 388 799 oannes
399 729 454 793 'non
467 745 538 803 tres,
552 734 598 791 sed
612 749 663 790 una
677 732 806 804 sapientia
816 749 823 800 ;
834 731 871 788 ita
923 746 984 787 mus
996 730 1105 787 nomine
1117 730 1270 803 sapientiae,
1284 746 1346 788 cum
1361 732 1396 788 sit
1407 733 1593 790 universaliter
1605 741 1632 789 et
1652 733 1714 803 spt-

78 839 107 888 et
117 830 234 886 ebaritas
247 838 274 885 et
288 829 367 884 Pater
377 826 480 889 dicatur
498 834 526 882 et
538 825 621 881 Filius
634 831 662 880 et
680 823 795 895 Spiritus
806 837 871 879 san·
923 821 990 877 ritus
1002 829 1110 878 sanictos
1121 831 1147 878 et
1159 822 1237 878 Pater
1248 823 1306 895 ipse
1317 824 1464 895 sapienetm
1479 824 1513 879 ita
1527 822 1716 895 Spiritussan·

77 930 155 988 ctus,
167 928 196 976 ct
207 920 285 977 sirnul
299 934 392 976 omnes
405 933 456 974 una
468 916 595 974 ebaritas.
607 915 653 974 Sic
666 915 739 972 enim
751 924 779 971 ct
791 915 872 971 Pater
923 923 982 970 ctus
996 914 1101 984 proprie
1116 924 1284 997 nuucupatur
1298 914 1428 971 vocabulo
1440 914 1594 981 charitatis,
1607 915 1716 970 comsit

77 1011 161 1081 licus,
170 1021 196 1069 et
205 1011 287 1068 Pilius
297 1012 378 1080 licus,
389 1020 416 1068 et
423 1010 538 1082 Spiritus
547 1018 656 1067 sanetus
666 1009 745 1077 licus,
755 1016 783 1064 et
792 1007 872 1065 simul
922 1004 1108 1060 universaliter
1118 1003 1236 1060 ebaritas
1245 1014 1273 1060 et
1284 1004 1364 1062 Pater
1376 1015 1403 1062 st
1415 1004 1507 1061 Pilius.
1522 1004 1574 1061 Sed
1590 1005 1636 1061 lici
1648 1003 1714 1061 Per·

78 1117 173 1161 omnes
186 1119 255 1159 unus
270 1104 350 1159 licus.
719 1121 720 1125 ¹
923 1095 1003 1165 bom,
1020 1096 1045 1152 id
1066 1106 1125 1164 est,
1139 1098 1289 1169 unigenitus
1305 1099 1350 1153 llei
1366 1097 1449 1154 Filius
1467 1108 1560 1169 aperte
1574 1098 1660 1172 dictus
1674 1101 1716 1154 'cst

113 1195 160 1251 29.
176 1195 210 1251 Ει
223 1203 312 1251 umen
324 1210 376 1249 non
388 1193 485 1250 bostra
498 1193 525 1249 in
537 1192 588 1249 bac
597 1193 727 1266 ¹Trinitate
739 1207 792 1248 neo
805 1191 872 1248 dici·
923 1187 971 1245 Dei
986 1189 1132 1260 sapientia,
1146 1206 1194 1246 oro
1208 1189 1380 1261 apostolico,
1396 1191 1440 1246 ubi
1460 1191 1512 1255 ait,
1525 1188 1654 1247 Chartam
1670 1187 1716 1246 car

75 1293 123 1341 tur
137 1284 251 1351 ,l'erbum
267 1283 313 1341 uei
327 1284 379 1341 nisi
391 1283 491 1351 Pilius,
508 1298 557 1340 nee
569 1284 673 1339 benum
688 1283 735 1339 uei
749 1283 799 1339 nisi
811 1282 872 1354 Spi·
922 1281 1038 1335 uirtutem
1051 1290 1074 1336 ct
1087 1278 1136 1336 liei
1150 1283 1299 1352 rapientium
1313 1280 1335 1351 (Ι
1350 1280 1410 1336 Cer.
1426 1296 1452 1349 ι,
1467 1280 1512 1354 at)
1527 1280 1660 1351 :Spiritus
1669 1293 1716 1334 ao·

78 1376 145 1431 ritus
159 1384 285 1443 sanctus,
304 1391 354 1432 nee
366 1375 401 1432 de
413 1392 467 1447 que
480 1377 598 1446 genitum
611 1385 653 1430 est
664 1374 782 1432 Verbum
797 1385 824 1432 st
837 1374 872 1432 de
924 1380 977 1429 tent
990 1384 1097 1428 sanctus
1111 1373 1154 1428 ubi
1170 1373 1204 1428 sit
1218 1373 1304 1428 dietus
1316 1372 1433 1428 charitas
1452 1374 1617 1438 invenimus,
1634 1373 1656 1428 sl
1675 1371 1709 1427 dl·

78 1481 132 1537 quo
145 1466 266 1536 procedit
279 1466 461 1537 principaliter
481 1464 596 1537 Spiritus
614 1474 723 1521 sauctus
737 1466 787 1520 nisi
802 1466 871 1522 licus
923 1461 1274 1535 ligenterieannisapostoli
1283 1466 1572 1536 scrutemureloquium
1582 1483 1588 1528 ;
1600 1465 1644 1536 qui
1653 1478 1713 1521 com

77 1557 168 1614 Pulso.
189 1555 251 1614 ldeu
265 1566 357 1614 autern
376 1557 484 1623 addidi,
498 1556 701 1627 Principalitcr,
722 1556 783 1627 quia
797 1564 825 1612 et
838 1555 872 1612 de
923 1550 1050 1621 dixisset,
1066 1551 1243 1620 dilectissimi,
1260 1553 1396 1625 diliqoanar
1408 1554 1511 1609 ineicern
1522 1596 1530 1620 ,
1542 1556 1602 1625 qaia
1613 1553 1714 1627 dilcctle

77 1647 146 1704 Pilio
166 1647 282 1720 Spiritus
301 1659 411 1705 sanctus
425 1648 570 1719 procedere
583 1648 725 1719 reperitur.
747 1646 799 1702 Sed
820 1645 871 1702 boe
922 1659 954 1698 ex
966 1642 1020 1699 Dee
1030 1655 1083 1712 ectr
1098 1646 1357 1714 secutuearljnnsit,
1373 1646 1406 1700 it't
1419 1647 1500 1701 enanis
1511 1647 1554 1717 qni
1566 1645 1666 1719 diliqit,
1682 1662 1714 1702 aa

77 1750 183 1810 queque
197 1739 235 1795 iili
250 1739 328 1795 Pater
340 1739 425 1806 dedit,
440 1753 494 1794 non
504 1739 560 1810 iam
574 1737 698 1794 existenti
711 1746 738 1793 ct
753 1737 870 1792 nondum
921 1733 977 1790 Dra
991 1744 1066 1792 netur
1079 1738 1182 1809 est:qai
1194 1755 1245 1792 non
1254 1738 1346 1811 diliqit,
1358 1754 1408 1793 neo
1421 1740 1535 1811 tepuerit
1551 1739 1641 1803 bearn,
1653 1740 1713 1811 quin

77 1827 185 1886 babenti
195 1847 203 1886 t
212 1829 259 1885 scd
269 1828 397 1905 quidquid
408 1823 543 1902 unigenito
551 1828 640 1885 Verbo
648 1828 730 1895 dedit,
739 1826 871 1900 gignendo
921 1825 992 1881 bear
1005 1826 1106 1883 dileetio
1120 1836 1165 1884 est.
1181 1827 1230 1883 liic
1242 1828 1421 1884 manifestarit
1434 1844 1494 1885 cam
1508 1844 1537 1886 se
1548 1828 1648 1885 dixisse
1668 1828 1712 1884 dl·

77 1917 160 1980 dedit.
181 1918 225 1978 Sic
238 1935 302 1992 erge
314 1935 375 1976 eum
388 1920 498 1997 genuit,
519 1928 548 1976 ut
559 1920 640 1977 etiam
652 1918 687 1977 de
708 1919 753 1975 ille
767 1919 871 1974 bonum
921 1916 1062 1974 lectionem
1072 1918 1165 1987 beum,
1174 1934 1253 1991 quam
1266 1919 1332 1975 dixit
1341 1936 1375 1976 ex
1384 1920 1445 1975 bea.
1460 1921 1530 1977 licus
1542 1936 1606 1992 erge
1615 1916 1713 1979 calice

76 2023 218 2067 commune
233 2010 403 2082 procederet,
419 2021 446 2067 ct
457 2011 573 2082 Spiritus
586 2020 693 2066 sanctus
707 2008 816 2082 spiritus
828 2025 859 2065 es
920 2023 963 2067 est
974 2004 1153 2067 dileetie.Scd
1166 2013 1227 2084 quia
1242 2023 1268 2069 et
1281 2012 1363 2068 Pilius
1374 2011 1468 2070 erbe·
1483 2013 1562 2070 Patre
1574 2016 1712 2084 natusest,

76 2110 119 2158 set
130 2103 281 2158 umbonum.
292 2102 349 2158 Neo
365 2111 407 2159 est
421 2101 502 2174 igitur
512 2100 666 2172 accipienda
682 2109 869 2168 transeunter,
921 2111 948 2159 ct
960 2102 1074 2174 Spiritus
1088 2112 1196 2158 sanctus
1216 2118 1249 2160 es
1267 2104 1321 2160 lieo
1332 2105 1411 2162 Patre
1422 2107 1557 2177 procedit,
1570 2122 1649 2178 quent
1662 2121 1712 2178 po·

76 2194 123 2250 sed
135 2193 276 2264 diiigenter
287 2191 413 2248 intuenda
422 2190 807 2262 inseparabilisirinitatisistu
816 2189 870 2245 dis·
921 2192 975 2247 tius
995 2206 1089 2248 corum
1103 2191 1147 2248 bic
1160 2193 1305 2249 debeamus
1317 2196 1439 2267 accipere
1452 2196 1551 2254 dictum
1572 2213 1632 2254 csse
1646 2196 1713 2254 dile·

76 2287 181 2342 tinctio.
196 2285 263 2340 ilinc
281 2285 352 2340 enim
363 2283 464 2340 iactum
478 2293 520 2339 est
534 2290 563 2337 ut
575 2283 680 2353 proprie
691 2281 738 2337 Dei
752 2281 868 2339 Verbum
920 2281 1035 2337 ctionem
1050 2283 1143 2351 boum,
1153 2285 1249 2343 merite
1261 2286 1400 2356 queritur.
1414 2287 1494 2345 Pater
1506 2290 1577 2345 enim
1591 2292 1665 2345 solus
1676 2291 1711 2344 ita

75 2377 156 2432 etiarn
166 2375 211 2432 liei
226 2376 354 2447 sapientia
367 2375 511 2442 diceretur,
519 2389 580 2430 com
591 2374 627 2430 sit
640 2373 770 2443 sapientia
784 2373 869 2430 ctPa·
921 2373 991 2430 bears
1003 2385 1054 2443 est,
1068 2383 1162 2432 utnon
1179 2375 1213 2432 sit
1225 2392 1257 2434 ex
1273 2377 1328 2435 ilco
1344 2395 1351 2432 :
1367 2393 1398 2435 oe
1412 2395 1460 2451 per
1472 2379 1522 2437 boc
1535 2380 1643 2437 dilectio
1652 2369 1713 2452 qum

77 2479 155 2526 teret
167 2467 282 2538 Spiritus
294 2476 412 2525 sanetus.
423 2466 452 2524 Si
463 2481 528 2538 erqo
540 2465 646 2537 proprie
659 2465 759 2537 aliquid
773 2466 869 2522 borum
919 2465 956 2547 ita
971 2465 1042 2522 Deus
1053 2475 1113 2536 est,
1126 2480 1156 2524 ut
1167 2484 1200 2524 ex
1215 2468 1269 2523 lico
1282 2469 1333 2536 sit,
1353 2480 1400 2530 arnt
1418 2470 1503 2526 Pilius
1517 2481 1575 2538 est,
1591 2480 1637 2527 aut
1649 2461 1712 2542 Spi-

76 2559 156 2615 trium
171 2558 287 2613 ebaritas
302 2557 476 2626 nuncupanda
490 2558 550 2622 est,
567 2556 629 2628 quid
644 2556 731 2627 aptius
743 2572 824 2628 quam
840 2564 870 2612 ut
919 2558 986 2615 ritus
994 2568 1113 2616 sanetus.
1122 2558 1175 2617 Sed
1188 2561 1214 2615 in
1228 2563 1454 2633 consequentibus
1466 2579 1527 2619 cum
1536 2563 1582 2618 bei
1590 2561 1713 2619 dileetio·

78 2647 131 2705 bec
142 2648 177 2703 sit
188 2648 303 2718 Spiritus
321 2649 448 2704 sanctusl
463 2646 498 2705 lit
511 2647 614 2704 seilicet
632 2646 659 2703 in
674 2647 738 2703 illa¹
753 2646 868 2718 simplici
918 2663 980 2706 nem
988 2660 1236 2718 commemorasset,
1246 2667 1299 2707 non
1312 2667 1363 2725 qua
1377 2667 1513 2720 ttoactnn,
1527 2652 1574 2711 scd
1589 2671 1639 2724 qua
1650 2652 1711 2727 lpa'r

76 2754 235 2811 summaque
255 2749 367 2806 natura,
382 2756 436 2797 neu
457 2739 492 2795 sit
505 2737 737 2805 aliudsubstantia
749 2747 778 2794 et
796 2737 868 2793 aliud
919 2739 1008 2796 dilexit
1023 2750 1110 2807 ner,ct
1123 2741 1191 2795 arisit
1202 2738 1301 2796 Filiam
1312 2758 1386 2818 asam
1401 2742 1546 2798 baetorem¹
1560 2758 1607 2815 pro
1620 2759 1711 2814 preco-

75 2830 209 2898 ebaritas3
223 2830 271 2887 sed
285 2830 432 2887 substantia
445 2830 501 2902 ipsa
516 2829 551 2885 sit
562 2828 696 2896 ebaritas,
712 2836 741 2883 et
752 2827 870 2885 ebaritas
919 2831 952 2886 tir
964 2829 1076 2898 nortun
1088 2837 1117 2886 et
1129 2829 1192 2888 ltine
1204 2831 1360 2889 exhortatus
1369 2841 1442 2891 esset
1454 2842 1483 2888 ot
1496 2841 1523 2889 et
1536 2848 1585 2889 nos
1597 2832 1711 2891 invicem

75 2922 134 2995 ipsa
147 2922 183 2979 sit
196 2922 361 2987 substantia,
376 2923 433 2978 sire
446 2923 474 2976 in
489 2920 585 2989 Patre,
600 2923 656 2976 sire
669 2920 697 2997 ln
710 2918 797 2988 Pilio,
811 2919 870 2976 site
919 2921 1074 2995 diligamus,
1084 2933 1166 2996 atque
1179 2923 1216 2979 ita
1232 2924 1304 2981 [leus
1318 2924 1344 2980 in
1359 2925 1436 2983 nobis
1449 2933 1566 2991 maneat,
1581 2925 1642 2994 qula
1657 2925 1712 2981 uti·

75 3012 104 3068 in
116 3012 216 3085 Spiritu
230 3021 341 3079 macto,
354 3021 383 3069 01
403 3021 491 3068 tamen
504 3010 613 3082 l¹i⁰llrio
624 3009 740 3081 Silili!¹1⁸
759 3018 870 3066 Simul!
919 3029 972 3088 que
983 3015 1152 3084 dilectionem
1166 3015 1250 3072 Mum
1262 3015 1383 3083 dixerat,
1397 3017 1486 3072 statim
1501 3017 1593 3072 teleos
1605 3015 1639 3073 de
1660 3015 1712 3083 bae

76 3101 191 3160 otarius
205 3112 381 3174 nunetpetur.
919 3121 950 3163 re
971 3106 1199 3180 apertiusnliqnid
1211 3107 1317 3178 eloqui,
1331 3105 1365 3162 ln
1378 3107 1441 3173 bec,
1459 3108 1560 3178 inquit,
1577 3096 1712 3181 repnorciss

111 3195 156 3249 ab.
172 3193 247 3248 Sicut
260 3191 339 3262 legis
352 3192 459 3246 nontine
472 3188 617 3260 aliquando
628 3188 708 3244 simui
720 3189 809 3245 emnia
821 3204 868 3246 ue·
919 3215 976 3253 mar
984 3199 1043 3269 qnia
1054 3199 1081 3252 in
1091 3198 1148 3269 ipre
1158 3200 1434 3270 marmoraque·
1447 3199 1526 3265 nobir,
1537 3200 1596 3273 qaia
1608 3199 1640 3256 dc
1650 3198 1712 3270 Spi-

76 3284 140 3339 ῑθῐίῦ
156 3281 328 3337 instrumenti
342 3289 494 3336 ”ticulum
508 3279 700 3349 serillifflfflm
714 3277 868 3361 §isstlffifflw
918 3290 968 3345 rita
982 3308 1028 3345 sne
1036 3290 1105 3345 dedit
1113 3290 1193 3347 nobb.
1207 3291 1321 3362 Spiritus
1333 3293 1421 3364 itaque
1435 3305 1543 3350 sarnetus
1556 3293 1651 3366 deque
1663 3295 1712 3351 de·

75 3382 120 3430 tur
136 3376 252 3446 eloquia.
265 3374 332 3430 Nam
346 3390 378 3431 ex
394 3372 523 3446 propbeta
538 3373 603 3429 isaia
624 3374 804 3430 testimouium
818 3387 868 3445 po·
919 3381 958 3436 dit
978 3381 1074 3449 nobis,
1088 3381 1152 3437 iacit
1165 3398 1215 3437 nos
1235 3383 1260 3437 in
1276 3382 1330 3438 lieo
1343 3397 1469 3454 manere,
1484 3386 1609 3457 etipsum
1622 3387 1648 3449 ln
1662 3402 1712 3443 ne·

53 3526 56 3529 ,
76 3480 143 3522 nens
155 3466 297 3538 Apostolus
308 3517 315 3531 ,
327 3466 373 3522 ubi
386 3467 440 3534 ait,
455 3463 489 3520 in
501 3465 559 3520 aliis
572 3465 666 3537 linpair
679 3475 703 3519 ct
717 3465 744 3519 ia
757 3464 816 3520 aliie
830 3464 869 3519 lo·
919 3469 979 3525 bis:
992 3470 1043 3527 boe
1056 3480 1145 3528 autem
1160 3471 1222 3529 iacit
1236 3472 1354 3530 dilectio.
1370 3472 1428 3546 lpse
1440 3483 1482 3530 est
1494 3472 1574 3549 ipisus
1585 3475 1657 3535 neus
1669 3477 1710 3547 di-

75 3555 123 3613 iiis
136 3557 227 3628 loquor
240 3556 336 3629 popolo
350 3555 561 3627 ltttt‘ctltraemisil
574 3564 673 3621 umen,
683 3553 717 3610 111
729 3554 796 3627 laese
805 3556 870 3610 wrss·
920 3560 1010 3617 lectio.
1023 3561 1144 3634 lienique
1156 3563 1235 3634 paule
1250 3573 1309 3634 post
1323 3578 1383 3620 eum
1398 3565 1449 3621 boc
1461 3565 1547 3637 ipsum
1561 3549 1712 3640 repetiisset

76 3658 195 3718 praenest
210 3649 285 3716 (imi.
300 3664 399 3716 xxrrtr,
417 3649 467 3718 ¹¹?
482 3657 506 3704 ct
520 3649 530 3704 l
544 3646 604 3705 Cer.
620 3663 682 3716 xiv,
696 3649 753 3717 ill.
767 3649 800 3704 lit
812 3648 869 3719 lpse
918 3662 999 3722 atquc
1009 3652 1133 3720 dixisset,
1146 3652 1214 3709 bear
1227 3653 1327 3710 dilectio
1339 3664 1392 3722 est:
1401 3655 1529 3711 continue
1542 3657 1665 3728 subjecit,
1677 3656 1712 3714 b‘r

76 3741 223 3809 Pontinus,
238 3741 272 3798 ln
285 3741 368 3814 qur,
384 3741 485 3812 inquit,
498 3757 585 3797 corum
599 3741 721 3812 scriptam
741 3751 795 3810 ert,
809 3744 869 3813 quia
918 3741 962 3812 qai
976 3752 1060 3797 attoact
1072 3743 1100 3798 in
1120 3744 1267 3814 dilectione,
1282 3743 1379 3814 inlice
1391 3756 1491 3821 monet,
1506 3758 1530 3803 et
1545 3747 1614 3805 Dens
1628 3736 1712 3809 retentet

76 3835 184 3891 ederant
196 3853 235 3892 mc
247 3837 327 3908 pretio
343 3835 431 3909 (leon.
445 3851 496 3903 ιι,
510 3835 577 3908 Ξ5);
591 3834 718 3909 cumybue
730 3833 868 3906 legatorio
919 3835 946 3890 in
956 3826 988 3890 'co
1003 3851 1013 3892 .·
1028 3836 1098 3892 unde
1110 3852 1190 3908 supra
1202 3835 1317 3904 dixerat,
1328 3836 1362 3894 in
1372 3838 1420 3895 ber
1432 3841 1607 3914 cepaercbntu
1616 3842 1675 3914 quin
1685 3822 1719 3899 in¹

49 3952 53 3957 ·
76 3928 182 3986 Psalmo
197 3926 283 4002 (Ptol.
298 3943 396 3995 xxxiv,
413 3925 469 3999 te).
485 3924 637 3997 Aliquando
649 3934 739 3983 autem
763 3925 869 3997 proprie
919 3929 976 4002 ipse
990 3946 1129 3999 nraarmar,
1142 3940 1167 3986 ct
1180 3931 1235 4004 ipae
1247 3932 1275 3986 in
1288 3931 1369 4000 aelia,
1383 3934 1444 4004 qnia
1456 3930 1489 3990 ds
1500 3932 1602 4007 Spiritu
1612 3952 1659 3991 ruo
1669 3936 1714 3991 dc·

76 4029 186 4076 roratur
199 4020 271 4086 Lex,
287 4035 347 4090 qum
368 4018 491 4079 datacst
512 4032 561 4089 per
572 4015 700 4089 lioysen,
722 4016 868 4073 secundum
920 4020 957 4075 alit
970 4022 1051 4077 nebia
1067 4021 1127 4094 lpse
1140 4038 1204 4096 erqo
1217 4020 1380 4095 significatur
1401 4025 1445 4080 ubi
1459 4024 1571 4096 legitor,
1588 4024 1656 4081 ilem
1670 4027 1712 4080 tit·

76 4112 147 4181 quod
160 4112 259 4167 dictum
278 4121 337 4177 est,
351 4109 405 4166 dra
422 4118 446 4166 ct
462 4106 597 4182 Prepltctoe
610 4104 869 4178 maracleensem
920 4112 993 4173 lectio
1007 4123 1053 4169 ert.
1066 4115 1137 4170 Deus
1151 4115 1229 4187 igitur
1239 4114 1353 4186 Spiritus
1367 4125 1476 4172 sanctus
1489 4118 1533 4188 qni
1546 4119 1668 4188 procedit
1677 4135 1710 4175 ex

78 4200 183 4273 (flnttb.
198 4217 241 4263 ¹¹·
257 4202 322 4272 id);
337 4211 382 4267 θῑ,
397 4198 431 4256 1¹1
443 4201 483 4255 ¹¹5⁸
494 4198 592 4254 divim
605 4197 738 4271 multi&
752 4206 804 4252 1⁰1⁰
816 4197 870 4252 low
921 4203 993 4270 beo,
1008 4220 1069 4260 cum
1082 4204 1160 4261 datus
1170 4204 1248 4263 luerit
1263 4205 1381 4272 bantini,
1394 4208 1517 4264 accendit
1528 4205 1589 4264 cuin
1602 4209 1629 4265 in
1641 4198 1713 4278 dilq·

77 4292 168 4362 letitie!
182 4301 204 4346 et
222 4291 356 4361 Prvvbssloe
370 4290 426 4361 (ld.
443 4304 516 4356 ¹¹¹¹,
527 4289 584 4361 ib).
598 4289 648 4345 Hic
661 4288 752 4376 utiquc
762 4289 870 4360 proprie
920 4297 1036 4353 ctionem
1047 4295 1094 4353 ilci
1104 4304 1132 4352 ct
1142 4297 1267 4368 preximi,
1276 4307 1303 4354 et
1317 4297 1373 4368 ipse
1387 4297 1495 4355 dileetio
1506 4308 1559 4356 cst.
1572 4299 1629 4355 lion
1639 4300 1712 4357 enim

78 4381 135 4438 120¹
148 4381 278 4452 appellata
297 4390 355 4446 0⁸²2
369 4380 405 4437 ⁴¹0
415 4389 506 4436 ¹¹¹⁰¹ti⁰
519 4379 594 4435 Sini-
607 4378 801 4449 pr⁰Pilel¹¹f¹¹¹¹¹
820 4394 870 4434 ¹¹¹¹·
919 4388 1001 4445 babet
1014 4391 1095 4459 bomo
1109 4389 1179 4445 unde
1191 4388 1274 4444 bettnt
1289 4389 1398 4462 diligat,
1412 4389 1464 4446 nisi
1476 4405 1511 4447 ex
1523 4388 1589 4447 Deo.
1601 4376 1713 4463 Propter

78 4480 132 4529 teta
154 4473 262 4528 {neruine
275 4473 354 4529 etiam
368 4472 467 4528 Psalmi
482 4470 622 4542 significati
640 4478 725 4525 sunt:
741 4478 869 4527 ettamen
920 4479 991 4549 quarn
1005 4480 1086 4554 paulo
1107 4490 1166 4553 9021
1178 4480 1242 4538 dicit
1257 4500 1264 4536 :
1281 4479 1338 4538 pto,
1350 4483 1487 4555 appamia,
1500 4500 1573 4551 eum,
1587 4485 1647 4556 quq,
1658 4486 1715 4557 pp„

78 4565 131 4620 alio
143 4563 203 4621 loco
215 4564 273 4634 ipsc
284 4562 416 4631 Salvator,
433 4560 581 4634 Oportebat,
595 4561 691 4633 inquit,
705 4562 807 4636 impleri
816 4578 871 4617 om-
920 4572 992 4645 prier
1005 4570 1092 4627 diteris
1105 4588 1152 4627 ner
1165 4571 1188 4644 (l
1198 4570 1279 4633 dean.
1293 4587 1329 4641 tr,
1347 4573 1433 4647 ili).
1448 4573 1594 4650 Apostolus
1607 4591 1713 4651 queque
1786 4562 1790 4570 ’

78 4658 122 4714 ata
135 4673 192 4729 aaa
202 4657 296 4728 scripta
308 4666 366 4713 saar
377 4656 404 4712 ta
418 4655 501 4729 capa,
515 4664 540 4712 er
552 4653 705 4728 camaena,
721 4664 745 4710 et
758 4652 870 4711 ratae·
922 4662 1020 4719 raritas
1035 4680 1043 4718 ι
1059 4661 1184 4730 butero,
1200 4663 1301 4735 itaquis,
1319 4662 1365 4719 bet
1379 4663 1474 4734 uipera
1496 4677 1533 4724 rar
1546 4667 1574 4731 ta
1595 4667 1714 4740 pertitas

78 4752 111 4807 tle
128 4767 168 4807 rna
186 4748 261 4823 (Lae.
277 4765 356 4815 xxru,
370 4747 425 4823 id).
441 4748 490 4804 ilic
508 4761 600 4803 rursus
614 4746 806 4831 Propbctamm
820 4760 869 4800 ue·
922 4753 1023 4817 amam,
1035 4768 1080 4825 per
1093 4751 1218 4824 spiritam
1227 4756 1395 4824 marturam
1408 4755 1481 4823 darn,
1493 4766 1529 4824 epp
1539 4758 1613 4825 pall,
1622 4756 1713 4831 (piper,

78 4861 157 4913 nien,
171 4844 289 4915 exeeptis
302 4843 431 4906 Psalntis,
454 4842 565 4914 intelligi
576 4842 670 4898 veluit.
684 4840 787 4898 Dicitur
806 4858 871 4914 erqo
921 4859 956 4908 v,
972 4843 1011 4909 5).
1612 4918 1615 4923 p

78 4936 134 4994 lert
148 4936 333 4993 uniuersaliter
346 4951 407 4992 euru
420 4933 561 5006 Propbetis
581 4943 609 4991 et
630 4934 758 5001 Psalmis,
774 4935 872 4993 dicitur
956 4931 1070 4992 CAPUT
1083 4931 1176 4990 xvttt.
1190 4966 1227 4976 -
1240 4935 1285 4992 52.
1301 4934 1410 4993 Nullum
1423 4937 1471 4999 liei
1484 4939 1578 5003 doram
1591 4942 1716 5000 cimitata

78 5038 106 5084 et
127 5030 234 5107 pmprie
247 5044 306 5099 qum
327 5027 495 5112 periloysut
515 5024 576 5082 data
590 5035 641 5083 est.
664 5025 730 5082 item
744 5027 872 5084 dicuntur
921 5023 1091 5080 eccellentiae.
1100 5025 1256 5084 Nullumest
1267 5028 1319 5084 isto
1328 5029 1373 5085 Dei
1388 5029 1460 5086 detto
1471 5015 1714 5091 excellentiusSo-
1744 5061 1745 5064 ¹

77 5121 255 5175 communiter
266 5117 408 5190 Prophetae
427 5117 508 5183 simul
521 5131 581 5173 cum
601 5116 732 5182 Psalmis,
747 5116 872 5173 dicuntur
921 5114 976 5172 lum
991 5115 1115 5187 estquod
1127 5116 1220 5174 dividit
1233 5117 1305 5174 inter
1318 5118 1389 5177 lilios
1408 5121 1483 5194 regni
1498 5124 1590 5180 aeterni
1605 5134 1632 5181 et
1646 5124 1714 5183 lilios

78 5219 106 5264 ct
120 5210 229 5280 proprie
248 5219 346 5280 practer
357 5209 489 5267 Psalmes.
504 5209 538 5264 Et
557 5208 649 5265 multis
668 5207 728 5264 aliis
742 5211 871 5284 exemplis
921 5205 1079 5281 perditionis
1090 5217 1208 5264 aeternae.
1223 5209 1327 5267 llantur
1339 5220 1367 5268 et
1379 5212 1429 5268 alia
1446 5212 1634 5286 perspiritum
1649 5205 1713 5271 saa·

78 5301 169 5358 doceri
181 5309 280 5373 potest,
296 5301 380 5358 multa
394 5317 484 5359 rerum
494 5300 633 5369 vocabula,
649 5308 677 5355 ct
688 5301 872 5361 urtirersalitor
922 5308 994 5357 etum
1012 5313 1141 5365 munera,
1156 5299 1205 5356 sed
1218 5301 1278 5357 sine
1294 5300 1424 5360 charitate
1443 5302 1509 5363 nibil
1523 5315 1644 5376 prosunt.
1657 5303 1713 5360 Nisi

50 5408 53 5413 ’
79 5391 201 5464 poni,ct
222 5391 330 5461 proprie
342 5392 500 5464 quibusdam
508 5392 596 5461 =rebus
617 5391 755 5458 adbiberi,
778 5393 827 5448 ttici
844 5394 870 5450 in
921 5403 987 5462 erqo
1006 5396 1108 5446 tantum
1121 5388 1290 5460 impertiatur
1301 5391 1398 5464 cuique
1417 5392 1533 5467 Spiritus
1544 5403 1670 5463 sanctus,
1685 5402 1713 5452 ut
1772 5381 1780 5387 ’

80 5499 110 5540 ro
127 5491 219 5554 aperta
233 5480 340 5537 vitanda
361 5483 396 5538 sit
416 5481 554 5555 longitude
575 5482 717 5538 sermonis.
734 5476 790 5539 llec
810 5484 872 5541 ideo
922 5494 984 5538 eum
999 5479 1045 5536 boi
1057 5486 1086 5537 et
1105 5480 1218 5550 proximi
1233 5480 1313 5538 iaciat
1324 5491 1489 5552 amatorem,
1505 5498 1519 5539 a
1534 5483 1639 5545 sinistra
1658 5468 1713 5544 aee

80 5575 157 5641 dixi,
185 5590 219 5630 ne
245 5572 385 5643 quisquam
413 5582 552 5646 propterca
581 5588 629 5629 tros
656 5558 872 5631 inconreoicntcr
923 5570 1127 5627 tratrsierturad
1141 5571 1289 5648 dextoram.
1304 5570 1360 5630 Nec
1370 5572 1486 5644 Spiritus
1497 5573 1602 5646 proprie
1616 5573 1713 5631 dteitttr

257 5742 263 5753 ,
558 5739 588 5750 ,,
955 5681 1048 5741 ¹satu,
1061 5679 1220 5754 incentorem.
1233 5691 1258 5737 n
1268 5691 1333 5748 usa,
1343 5681 1714 5748 tamorarmramtmmma,

113 5753 121 5780 ·
140 5747 208 5808 editi,
219 5744 244 5808 in
253 5742 297 5798 tile
311 5750 438 5816 timete.
450 5752 510 5808 tex,
524 5749 652 5808 metetis,
665 5745 736 5797 duat
745 5751 821 5798 alass.
922 5756 974 5808 cap.
989 5741 1012 5804 l,
1023 5742 1049 5806 γ.
1063 5743 1099 5807 te,
1111 5741 1220 5796 tltsarten.
1717 5756 1718 5759 ’
