3938 6360
166 263 220 323 sss
591 263 728 320 course
743 258 905 319 onustuu
924 257 1148 330 uautcueuu,
1168 261 1199 318 s.
1218 263 1402 321 incusum
1754 244 1811 325 sei

167 380 302 451 spicerent
311 377 345 433 ad
357 376 524 441 Emmanuel,
538 375 609 447 quod
623 384 664 431 est
676 374 889 443 interpretatum,
904 370 956 425 llo-
1011 386 1072 428 sum
1086 372 1209 442 lbraltm,
1225 384 1253 432 et
1267 377 1350 444 isaac,
1365 388 1392 434 et
1404 377 1497 446 Jacob,
1521 378 1719 437 intertinctae
1730 383 1809 439 hene·

167 469 270 525 hiscum
291 469 371 533 Deus,
392 466 426 521 Et
445 466 580 537 quemme,
596 466 690 536 inquit,
703 466 758 536 ipse
772 462 856 519 Druiti
870 464 896 518 in
905 464 960 532 spi-
1012 461 1126 518 dicenter
1139 476 1316 537 omuespmtes
1328 467 1403 539 (Ceu.
1419 467 1465 536 ΞΒ,
1482 470 1528 537 l8,
1540 484 1615 537 xxvi,
1629 472 1657 539 l,
1670 482 1696 526 et
1710 488 1807 537 xxmrr,

166 562 217 614 ritu
229 561 290 614 dicit
303 575 359 613 eum
373 555 526 622 beluinum,
541 557 625 611 diceus
638 571 648 610 .·
661 553 734 610 Dixit
756 554 880 609 Dorrtiuus
903 551 957 608 uo-
1012 553 1067 623 ll).
1082 553 1150 622 Quid
1165 570 1229 625 ergo
1243 556 1420 628 respondetis,
1444 559 1550 615 cuinam
1563 559 1598 616 de
1617 561 1730 617 Christo
1742 577 1809 619 cre·

166 652 234 704 ntiuo
250 664 324 714 meo,
346 647 413 703 Sede
434 646 468 700 orl
489 646 617 701 dexterum
642 661 740 711 nteonr,
764 644 843 698 donee
865 660 958 714 ponant
1010 643 1143 713 dideritis,
1170 648 1266 717 quibus
1292 657 1374 706 testes
1402 651 1558 723 alienigene
1586 667 1639 710 oon
1674 654 1807 724 placenti

165 738 279 792 inimicos
295 746 351 791 tuos
367 736 501 790 scabellum
522 736 614 806 pedum
632 743 732 789 tuorum
755 733 870 805 (llotth.
886 749 957 801 asu,
1012 735 1169 792 nostrorum
1186 752 1267 808 porro
1285 739 1425 795 Librorum
1444 741 1599 809 auctoritas,
1619 751 1660 798 tot
1681 744 1806 814 gentium

164 827 277 897 ΛΜΗ
299 826 513 897 Ecce,iuquam,
534 840 582 880 nos
605 824 770 880 ostendimus
788 838 823 878 ex
846 824 957 880 llehraca
998 821 1197 892 consensione,
1223 843 1271 899 prr
1282 832 1465 888 successiones
1476 832 1674 903 Apostolorum,
1694 833 1806 904 episco-

165 918 305 990 prophetia
332 918 466 977 Christum
495 920 576 973 Deum
592 936 598 973 :
616 932 665 973 vos
689 917 822 973 ostendito
842 918 956 988 aliquam
1010 929 1116 985 porum,
1131 917 1359 990 conciliorumque
1373 921 1508 990 roborata,
1522 923 1598 979 vobis
1609 908 1724 980 atiicrsa
1737 932 1804 981 est:

164 1011 331 1081 prophetiam
353 1020 486 1079 uestram,
514 1010 584 1066 unde
610 1024 708 1066 nomen
732 1007 831 1066 Christi
855 1008 957 1065 didice-
1009 1014 1160 1063 vestrorunt
1172 1017 1262 1064 autern
1274 1011 1344 1065 nulla
1355 1002 1406 1078 cst,
1420 1013 1482 1084 quia
1496 1021 1551 1069 eta
1567 1023 1621 1070 tam
1632 1016 1725 1086 paucis
1736 1031 1804 1087 pro·

165 1103 233 1157 ritis.
1008 1099 1101 1167 lertur,
1125 1110 1154 1156 ct
1166 1104 1201 1156 ab
1221 1102 1254 1158 iis
1275 1104 1320 1174 qui
1344 1104 1426 1160 licum
1448 1113 1475 1161 et
1488 1105 1622 1162 Christum
1642 1107 1803 1164 mendacem

199 1192 311 1249 CAPUT
320 1193 575 1250 lV.-llanicltaeus
584 1193 654 1247 enim
669 1198 821 1248 nosternon
835 1192 883 1247 luit
895 1206 952 1262 pro
1008 1191 1106 1245 colunt.
1118 1190 1195 1247 Uinde
1207 1203 1298 1248 contra
1311 1208 1403 1249 eorum
1417 1195 1572 1251 mendacem
1588 1196 1741 1252 doctrinam
1760 1200 1802 1263 lit,

163 1281 244 1353 pheta
258 1283 363 1338 venturi
383 1283 480 1338 Christi
495 1299 503 1336 s
516 1281 666 1350 apostolum
682 1281 780 1352 quippe
800 1281 858 1351 ejus
872 1295 903 1335 se
916 1280 956 1335 di·
1007 1278 1058 1333 nisi
1073 1288 1100 1334 ct
1124 1280 1174 1349 ipsi
1194 1290 1317 1351 tanquam
1342 1283 1490 1340 imitatores
1514 1285 1561 1340 liei
1581 1294 1608 1341 et
1631 1285 1733 1341 Christi
1757 1287 1802 1342 eui

163 1372 211 1441 cit,
240 1374 468 1444 impudentissima
487 1373 595 1445 quidem
620 1373 740 1440 lallacia;
765 1387 826 1427 nam
850 1380 957 1428 constat
1007 1371 1150 1428 mendaces
1163 1373 1319 1429 habeamur.
1335 1374 1416 1430 Fama
1429 1391 1492 1432 rcro
1505 1377 1651 1447 ctiamipsa
1663 1377 1801 1441 consulta,

164 1479 218 1518 nou
232 1464 317 1519 solunt
332 1473 392 1534 post
406 1464 610 1531 Tertullianum,
625 1479 717 1520 cerum
732 1464 813 1519 etiam
831 1472 891 1533 post
904 1462 956 1534 Cy·
1007 1472 1034 1518 ct
1047 1479 1096 1519 vos
1109 1465 1239 1535 pessimos
1259 1468 1351 1536 jactat,
1366 1476 1393 1522 et
1406 1464 1538 1523 Christum
1553 1484 1586 1524 es
1600 1465 1702 1526 semine
1715 1469 1802 1524 hacid

164 1554 285 1623 priannrn
305 1553 374 1609 hane
389 1555 510 1609 baeresim
524 1563 656 1608 exortam.
680 1553 780 1610 Omnes
790 1563 878 1609 tamen
898 1553 956 1620 ejus
1006 1562 1098 1609 contra
1111 1570 1159 1611 ros
1176 1555 1321 1627 predicare
1341 1573 1393 1612 non
1417 1568 1513 1614 cessat.
1538 1560 1635 1615 Vocem
1660 1561 1747 1615 Patris
1761 1560 1798 1616 dc

163 1645 284 1713 epistolae
305 1646 340 1700 ita
360 1645 536 1700 exordiuntur
563 1644 722 1700 iloniohoeus
740 1645 869 1716 apostolus
892 1643 955 1699 iesu
1006 1643 1263 1702 coelononaudistis
1282 1645 1440 1717 (hatthui,
1461 1648 1504 1714 li,
1527 1657 1550 1702 et
1566 1665 1631 1715 retr,
1643 1650 1684 1720 5),
1712 1665 1797 1720 opera

165 1735 268 1789 Cleristi.
283 1735 349 1791 lluic
359 1750 406 1791 ros
415 1735 450 1792 dc
462 1733 568 1791 Christo
581 1750 664 1806 quare
676 1734 844 1791 credidistis?
856 1734 955 1802 Quem·
1006 1731 1105 1790 Christi
1118 1735 1213 1804 quibus
1222 1735 1256 1791 dc
1274 1738 1362 1807 scipso
1377 1737 1575 1808 tostillcabatur,
1600 1755 1653 1795 noo
1667 1740 1773 1798 vidistis
1788 1759 1796 1797 :

163 1838 227 1879 uam
240 1832 334 1879 testeus
347 1825 422 1879 vobis
433 1824 473 1879 sui
486 1825 649 1894 apostolatus
663 1823 793 1878 adduxit?
805 1837 955 1893 nomenque
1006 1825 1112 1882 eodiccs
1126 1828 1152 1881 in
1165 1828 1261 1898 quibus
1274 1828 1333 1884 naec
1345 1830 1443 1901 scripta
1454 1839 1525 1896 sunt,
1540 1840 1569 1886 nt
1578 1832 1801 1902 speetecbrtstta-

164 1915 251 1983 ipsunt
264 1916 373 1981 Christi,
388 1916 459 1986 quod
472 1930 525 1970 oon
536 1915 635 1970 scimus
650 1915 700 1970 nisi
713 1915 739 1971 in
754 1912 954 1985 regooludueo·
1006 1930 1039 1970 na
1061 1916 1169 1984 lallatis,
1183 1919 1256 1974 velut
1267 1920 1406 1990 accipitis;
1429 1936 1462 1976 ue
1475 1931 1564 1979 tamen
1583 1934 1676 1979 contra
1687 1940 1735 1981 ros
1757 1926 1800 1981 lc-

163 2018 223 2058 rum
249 2005 275 2058 in
292 2005 477 2061 sacerdotibus
497 2014 524 2060 et
547 2004 655 2075 regibus
676 2004 836 2072 institutum,
852 2011 882 2058 ut
900 2017 954 2059 non
1005 2009 1109 2070 gantur,
1132 2000 1270 2060 infalsatos
1288 2003 1386 2060 dicitis.
1421 2005 1549 2062 Proiertis
1574 2006 1636 2064 inde
1660 2008 1799 2064 Christum

162 2094 249 2148 soltuu
262 2094 307 2150 ille
320 2102 366 2149 aut
377 2095 424 2150 ille
443 2095 535 2160 homo,
559 2093 607 2149 sed
626 2095 748 2149 uniuersa
763 2093 819 2164 ipsa
831 2107 898 2164 gens
915 2101 955 2148 to-
1005 2090 1148 2158 dicentem,
1172 2091 1204 2147 Si
1212 2093 1274 2148 auid
1284 2110 1335 2148 non
1349 2095 1459 2163 creditis,
1475 2097 1591 2168 operibus
1600 2096 1695 2153 aedile
1706 2097 1798 2172 (loon.

162 2191 393 2255 tutoqueregnum
413 2183 542 2255 propheta
563 2182 640 2240 sscrct
651 2181 750 2239 Christi
763 2181 954 2254 christianique
1005 2196 1033 2247 s,
1047 2180 1108 2250 bsh
1124 2190 1163 2243 ct,
1178 2180 1234 2253 Epo
1246 2184 1358 2254 sumqei
1371 2185 1540 2239 testimouium
1555 2186 1673 2256 perhibeo
1693 2188 1725 2243 tle
1746 2183 1797 2256 me,

161 2276 248 2345 regeri,
263 2290 313 2331 cur
324 2275 376 2332 iste
390 2275 497 2340 ittuasil,
519 2290 570 2331 cur
583 2275 730 2345 usurpuvit,
745 2274 791 2344 qui
813 2273 954 2344 Prophetis
1004 2280 1029 2325 et
1042 2272 1211 2326 testimouium
1221 2272 1333 2344 perbibet
1347 2273 1379 2328 de
1392 2290 1441 2341 me,
1450 2275 1493 2345 oui
1504 2277 1629 2345 aridiore,
1642 2277 1721 2333 Peter
1738 2274 1797 2350 (Μ’.

162 2366 282 2423 llehrseis
293 2382 343 2423 ros
356 2367 557 2435 eetatcredere,
571 2376 600 2423 ut
608 2382 656 2423 uos
667 2367 725 2422 lalei
733 2364 831 2422 Christi
847 2365 954 2422 fallaces
1005 2377 1061 2426 rttt,
1078 2362 1122 2433 lh)
1134 2371 1174 2418 :et
1185 2377 1237 2418 non
1249 2363 1330 2419 vultis
1342 2373 1434 2420 corttra
1448 2380 1497 2421 ros
1507 2365 1699 2436 indeproierri,
1715 2369 1797 2425 Scre-

161 2457 307 2527 discipulos
322 2458 404 2514 ialsus
416 2458 533 2514 etiallax
545 2458 681 2528 apostolos
691 2457 771 2513 iaciat
780 2458 794 2512 i
804 2457 952 2524 Postremo,
1004 2454 1094 2507 torruui
1104 2453 1260 2524 sumpturos,
1275 2455 1301 2509 iu
1314 2457 1404 2525 quibus
1417 2457 1512 2526 potue
1528 2474 1571 2513 00⁸
1581 2458 1658 2512 vllam
1674 2468 1797 2515 mmo

163 2564 198 2604 ne
209 2548 342 2605 diceretur
353 2549 389 2614 ci,
412 2548 541 2615 Mentiris,
557 2548 699 2618 protulerit
715 2549 792 2604 robis
811 2547 913 2618 alitptos
927 2559 953 2603 et
1005 2543 1110 2608 tuboe:
1123 2545 1187 2615 ’Ῥω
1197 2546 1365 2600 testimonium
1379 2547 1507 2618 Wifl’m‘
1523 2547 1625 2613 &met
1643 2557 1681 2612 el.
1695 2550 1726 2606 St'
1738 2566 1796 2606 cre·

3 2656 6 2663 “
75 2662 79 2669 ·
163 2639 316 2710 prophetas,
339 2638 486 2695 secundum
512 2639 686 2694 assertionem
716 2653 792 2694 suam
817 2636 952 2693 Christum
1005 2633 1096 2690 duretis
1112 2634 1206 2706 Mopsi,
1220 2636 1354 2692 crederetis
1366 2648 1389 2691 et
1399 2638 1483 2703 arihi5
1503 2637 1536 2694 de
1549 2640 1665 2694 meatim
1681 2640 1796 2696 ittescrt·

165 2730 374 2800 pronuntiantes
389 2747 397 2783 ι
410 2728 474 2800 quid
487 2729 588 2784 iacietis
600 2728 638 2796 ci,
652 2728 759 2799 qualem
778 2728 894 2784 Faustus
907 2743 953 2783 ca·
1005 2724 1112 2793 pete-et,
1123 2723 1261 2781 Herbeutibi
1272 2726 1566 2799 uouemereroptetos,
1575 2729 1728 2785 sstdiwlwt
1738 2729 1794 2804 (Μ.

163 2820 347 2877 techizandum
361 2821 412 2876 snb
423 2821 546 2891 exenrplo
560 2820 709 2890 proposuit,
729 2821 773 2890 qui
789 2834 875 2889 neqrte
890 2819 954 2888 ipsis
1004 2828 1031 2878 v,
1047 2813 1093 2878 eu,
1108 2812 1169 2884 t6);
1183 2822 1221 2880 et,
1240 2814 1270 2870 Si
1284 2813 1391 2886 llopscu
1403 2825 1427 2870 ct
1442 2816 1584 2886 Prophetes
1606 2833 1656 2872 uon
1675 2819 1794 2887 amium,

162 2927 249 2982 nerpue
273 2913 313 2968 illi
337 2913 448 2969 credere
469 2912 600 2967 soluerit?
619 2913 659 2966 bn
681 2912 824 2983 Apostolos
845 2921 953 2967 nostros
1004 2906 1081 2959 tecti
1096 2907 1153 2975 tuit
1167 2922 1183 2959 a
1195 2907 1484 2974 moritisrewrrmrt'b
1496 2909 1631 2964 cruentet
1651 2910 1728 2980 (brec.
1739 2927 1794 2979 ιιι,

162 3018 211 3074 pro
222 3019 252 3059 sc
267 3014 349 3060 testes
360 3004 486 3059 vocabili
500 3002 569 3070 Nou,
585 3003 690 3073 opinor,
716 3004 838 3058 homines
852 3002 952 3072 produ-
1004 2994 1050 3061 29,
1065 2996 1096 3051 dl
1112 3002 1122 3067 l
1136 2999 1142 3050 l
1160 2997 1234 3054 Unde
1247 2998 1298 3053 leuc
1309 2999 1418 3054 cristis?
1430 3001 1499 3055 uode
1506 3001 1640 3057 confiditis
1651 3003 1663 3057 l
1675 3002 1796 3074 Scriptu-

161 3104 215 3162 cet,
229 3095 277 3151 sed
291 3095 384 3151 Lihros
395 3094 498 3164 aperiet
514 3112 521 3150 ε
535 3107 602 3164 quos
612 3107 665 3148 non
679 3108 728 3164 pro
743 3107 784 3161 se,
799 3091 847 3148 sed
859 3099 953 3147 contra
1005 3101 1049 3143 ras
1069 3095 1141 3143 motta
1166 3089 1324 3144 anctoritate
1341 3090 1459 3146 firmatas
1476 3091 1729 3164 commendatasque
1750 3110 1796 3150 re·

160 3200 191 3240 ιο
204 3195 312 3256 apenos
321 3185 446 3256 reperiet,
461 3183 499 3239 lbi
511 3184 583 3240 enim
595 3183 730 3240 christum
743 3192 835 3239 nauum
847 3198 881 3240 ex
897 3183 952 3239 tla-
1005 3177 1109 3247 spuitis,
1122 3178 1248 3235 miracula
1261 3193 1314 3235 nott
1326 3178 1431 3236 laeitis:
1444 3195 1504 3251 quae
1519 3180 1542 3236 si
1560 3181 1701 3251 laceretis,
1716 3185 1795 3240 etiam

160 3278 200 3334 ria
216 3278 326 3349 uirgine,
349 3278 386 3334 ibi
401 3277 499 3333 Filium
515 3276 563 3333 hei
582 3275 681 3332 iactum
696 3291 729 3332 es
750 3276 853 3332 semine
871 3275 953 3330 hacid
1004 3267 1061 3340 ipsa
1075 3269 1102 3324 in
1115 3269 1191 3325 vobis
1201 3284 1367 3336 caveremus,
1383 3280 1558 3341 tlraesifflente
1580 3288 1628 3329 nos
1645 3273 1757 3331 Domino
1769 3286 1797 3332 et

160 3370 316 3425 secundum·
330 3383 438 3425 carnem
468 3369 581 3440 legimus
608 3376 635 3423 et
660 3366 788 3423 docemus
801 3365 857 3439 (ld.
873 3381 892 3433 t,
906 3365 954 3419 22-
1004 3359 1269 3433 dicente,Eesur9ent
1288 3363 1361 3417 atulti
1388 3362 1570 3432 pseudochristi
1592 3374 1616 3419 et
1632 3365 1791 3437 pseudopro·

159 3462 212 3527 253
232 3461 296 3517 Lite,
310 3477 339 3527 n,
354 3463 382 3526 7,
394 3470 417 3516 er
430 3460 506 3515 Rom.
527 3475 547 3527 t,
562 3459 602 3532 5).
615 3458 691 3526 erod
708 3459 730 3515 si
753 3474 800 3514 eos
818 3458 954 3514 infalsatos
1005 3452 1096 3523 phele,
1112 3463 1135 3508 et
1146 3454 1240 3525 [micat
1250 3454 1324 3526 siprtu
1336 3463 1361 3510 ct
1380 3455 1495 3528 prodiero
1505 3457 1596 3524 multu,
1609 3466 1637 3512 stt
1649 3456 1756 3527 folleat,
1775 3474 1796 3514 st

161 3551 270 3616 dixerit,
292 3551 350 3622 ipso
365 3551 472 3605 testium
495 3565 604 3604 suorum
632 3549 711 3604 iidem
731 3548 915 3620 oppugnabit:
930 3548 952 3603 si
1004 3542 1061 3611 ficri
1078 3551 1168 3615 potest,
1182 3544 1257 3598 etium
1275 3545 1367 3599 electos
1383 3559 1463 3600 :ecce
1474 3546 1586 3616 medici
1601 3546 1669 3602 sodis
1690 3547 1795 3618 (linitio

160 3653 248 3698 nutem
262 3643 340 3707 alios,
355 3657 421 3712 quos
431 3641 503 3696 dicat
517 3641 704 3710 Apostolorum
719 3649 884 3707 nostrorum,
906 3653 953 3694 co-
1003 3647 1078 3698 nlt.
1089 3633 1135 3696 2³·
1150 3634 1208 3705 ΞΒ).
1222 3633 1312 3704 Usque
1325 3634 1394 3691 adeo
1404 3635 1469 3691 nibil
1484 3634 1556 3691 credi
1570 3636 1654 3692 noluit
1665 3638 1797 3698 aduersus

159 3733 233 3789 dices
248 3733 398 3804 protulerit,
414 3731 547 3802 quomodo
566 3732 605 3787 cis
626 3731 684 3800 ipsc
702 3732 885 3786 auctoritatem
907 3729 954 3783 du·
1007 3737 1057 3778 0⁰¹1
1078 3724 1190 3778 rutulum
1211 3725 1407 3796 Scrioihrufflm
1427 3727 1796 3799 uu⁰l⁰¹il²leisstil1¹aefltleffl

159 3822 209 3890 bit,
233 3837 313 3893 quam
335 3837 382 3892 per
399 3821 533 3877 Ecclesiae
554 3820 653 3876 Christi
673 3821 707 3876 ab
730 3821 794 3890 ipsis
818 3820 953 3889 Apostolis
1006 3826 1082 3867 sutum
1097 3804 1176 3871 rebus
1191 3815 1255 3885 ipsis
1269 3817 1375 3884 probat,
1390 3832 1450 3887 quse
1460 3830 1509 3887 per
1526 3825 1675 3888 temporum
1686 3833 1795 3874 succes-

34 3905 49 3916 ”
159 3913 391 3969 constitutasnon
405 3911 517 3981 accepit,
533 3919 561 3965 nt
576 3909 636 3965 iutlc
660 3909 693 3964 ad
708 3917 831 3979 posteros
850 3909 953 3964 firmata
1005 3902 1096 3958 tiones
1118 3902 1176 3959 ltaec
1196 3906 1299 3973 impleri
1316 3917 1343 3962 et
1361 3907 1430 3964 ellici
1450 3906 1649 3978 ostendisque
1664 3918 1738 3966 tanto
1752 3924 1797 3965 an-

160 4004 592 4062 oommendationetranseorrcrct
601 4001 613 4056 l
622 4001 761 4070 Qtttrmodo
774 4001 829 4069 illc,
843 4000 886 4055 cui
900 4016 953 4056 uon
1006 4004 1112 4065 tequam
1127 3994 1231 4063 tierent,
1243 3998 1439 4067 pronuntiarit.

159 4097 251 4166 credo,
268 4096 370 4168 prolert
384 4095 450 4151 milri
460 4094 611 4165 Scripturas
624 4093 763 4164 quilmsdc
773 4093 818 4147 illo
828 4091 951 4156 credam:
1039 4087 1152 4145 CAPUT
1168 4088 1356 4146 lli-Restat
1367 4099 1395 4146 ut
1410 4091 1539 4147 rationem
1552 4103 1599 4145 ros
1611 4089 1737 4146 exhihere
1753 4090 1796 4146 di-

159 4199 188 4247 ct
198 4191 238 4247 eis
256 4190 314 4262 ipse
328 4197 441 4245 conatur
460 4186 524 4242 dare
545 4186 740 4251 auctoritateret,
764 4198 824 4238 cum
838 4197 888 4254 ego
903 4183 954 4252 ipsi
1004 4176 1082 4245 catis,
1098 4185 1151 4231 torta
1163 4187 1263 4234 certant
1278 4187 1305 4234 ct
1317 4180 1453 4246 inuictam,
1474 4188 1503 4236 ut
1513 4194 1560 4251 pcr
1573 4178 1689 4249 seipsam
1699 4178 1792 4236 decla-

159 4283 358 4341 noncredamt
707 4335 709 4344 y
1005 4277 1061 4322 mla
1087 4269 1215 4336 veritate,
1247 4271 1345 4325 nullum
1373 4270 1450 4326 testis
1471 4268 1667 4338 securitatem,
1695 4269 1795 4326 nnllam

194 4375 308 4433 (puppup
321 4376 353 4431 p,
363 4404 401 4417 ..
412 4373 442 4430 sp
456 4380 545 4428 autem
563 4371 641 4427 pamm
660 4369 694 4427 pe
722 4368 827 4424 cinisio
841 4366 955 4424 crepidi.
1005 4358 1124 4414 ntiruculi
1134 4359 1273 4415 veritatem
1286 4359 1413 4431 requirat.
1436 4360 1505 4428 Quid
1523 4358 1633 4414 dicitis?
1659 4359 1723 4430 quid
1736 4374 1796 4429 pro·

161 4466 219 4532 stis;
230 4467 283 4521 boc
294 4466 365 4521 enim
376 4473 404 4522 et
413 4465 528 4521 Faustus
538 4463 640 4534 magnis
651 4460 951 4531 angustiiscoarctatus,
986 4447 1100 4540 ‘sortist
1115 4464 1194 4520 quam
1208 4451 1350 4517 rationem,
1365 4465 1445 4521 quom
1458 4449 1618 4505 veritatemi
1640 4448 1740 4505 Fabula
1751 4449 1794 4504 illa

161 4561 329 4610 transeunter
338 4554 435 4623 attigit,
456 4568 490 4610 nc
502 4553 721 4609 scilicetautcos
735 4551 818 4606 libros
832 4549 954 4619 prolerre
1004 4551 1047 4599 est
1071 4543 1149 4612 lortga
1174 4552 1203 4598 et
1223 4557 1301 4607 eona,
1321 4541 1422 4613 puerile
1442 4541 1595 4608 ludibrium,
1619 4548 1647 4596 ct
1667 4540 1796 4596 muliebre

162 4652 311 4714 cogeretur,
332 4659 446 4714 quorum
459 4644 604 4699 auctoritas
623 4643 696 4698 nullo
710 4651 761 4710 cst,
781 4649 828 4697 aut
849 4641 884 4695 ad
907 4655 954 4696 eos
1003 4635 1184 4704 jocamentum
1200 4636 1221 4702 ¹,
1237 4643 1265 4691 et
1277 4635 1412 4690 aniculare
1425 4634 1640 4699 deliramentum,
1653 4632 1796 4688 continens

163 4732 298 4804 ligaretur,
313 4747 428 4803 quorum
440 4732 585 4788 auctoritas
597 4733 621 4789 ci
632 4732 766 4788 contraria
777 4740 819 4787 cst
831 4749 838 4787 :
852 4745 917 4800 crgo
930 4730 954 4785 si
1005 4727 1108 4783 initium
1123 4734 1256 4792 trunctuo,
1270 4734 1299 4782 ct
1312 4714 1428 4781 medium
1442 4723 1588 4796 putridum,
1605 4732 1633 4780 ct
1643 4724 1722 4781 linem
1737 4723 1796 4780 rui-

153 4824 196 4880 de
209 4822 315 4880 Christo
325 4823 402 4880 iamae
421 4823 589 4891 credidistis,
606 4825 697 4880 videte
712 4834 801 4878 utrum
816 4824 883 4878 lama
898 4821 954 4876 ido·
1006 4831 1111 4872 nosutn.
1127 4814 1193 4870 Curru
1205 4817 1275 4871 cuitu
1289 4815 1364 4870 verbis
1382 4829 1414 4870 en
1433 4813 1491 4885 ejus
1502 4813 1576 4869 initio
1592 4813 1691 4868 dictum
1706 4810 1794 4878 luerit,

162 4921 213 4971 nea
228 4917 304 4970 testis
327 4918 373 4984 sit,
393 4917 715 4988 diligenterconsidprato
733 4932 785 4985 ¹i¹¹⁰
800 4930 847 4970 vos
861 4913 954 4985 praeci·
1007 4905 1162 4973 ittltlthi'lttii,
1177 4904 1312 4970 invisibili,
1328 4903 1520 4974 incorruptibili
1534 4903 1599 4970 Deo,
1616 4900 1795 4973 quidlactura

162 5004 261 5072 pitetis.
281 5005 348 5062 llale
361 5009 432 5064 eninr
451 5008 533 5063 realta
544 5007 578 5064 de
597 5007 674 5063 uerbis
697 5005 769 5060 lartio
787 5005 952 5068 disseminat,
1005 5005 1063 5052 erat
1074 5010 1140 5066 gens
1155 4994 1336 5058 bertchramni,
1349 4994 1372 5050 δί
1383 5009 1443 5049 ⁰1¹¹ss
1456 5008 1487 5049 ⁰³
1501 5007 1618 5063 illisum
1630 4989 1797 5047 ”Oluissffl'i

161 5093 286 5149 euterun
314 5098 555 5167 sententiendo
578 5096 813 5168 uirorumue,
837 5095 954 5151 traiicere
1005 5083 1259 5155 stheneboeius,
1285 5084 1477 5152 ttuouodoest
1491 5082 1697 5152 ritoormpeonu
1717 5090 1745 5138 et
1759 5081 1796 5136 m

161 5179 269 5235 Christo
290 5185 360 5241 velle
384 5203 518 5253 veracem,
543 5203 623 5258 quam
645 5185 769 5242 denobis
791 5187 871 5244 stultis
893 5201 954 5243 esse
1006 5177 1219 5233 coortaminabilis
1241 5177 1252 5210 ⁸
1276 5177 1356 5242 lictus,
1381 5176 1458 5247 cujus
1481 5174 1601 5231 ntentbra
1619 5173 1646 5229 in
1661 5172 1745 5242 pontis
1768 5181 1799 5228 ct

162 5268 343 5327 mendacem?
361 5277 429 5345 Quid
441 5279 513 5348 qtrod
525 5280 605 5334 ctiam
620 5278 696 5333 lamae
709 5275 810 5332 Christi
818 5277 953 5333 contradi·
1006 5270 1126 5326 oleribus
1139 5268 1324 5324 manducando
1335 5277 1362 5324 et
1374 5268 1519 5340 digerendo
1534 5267 1671 5322 conteritis
1686 5274 1715 5321 ut
1732 5281 1795 5337 pur-

163 5357 245 5413 cirisi
261 5360 300 5414 Ea
313 5367 413 5439 quippe
431 5370 541 5437 clarior,
558 5385 591 5425 ea
606 5367 813 5441 prepollentior,
836 5384 916 5426 aures
928 5380 955 5425 et
1005 5362 1092 5434 getis?
1114 5368 1142 5416 ct
1154 5360 1189 5415 de
1201 5359 1331 5431 boecius,
1355 5359 1424 5427 Quid
1439 5357 1502 5415 teuit
1519 5358 1607 5415 aniona
1631 5358 1739 5427 misera,
1768 5366 1796 5412 ut

163 5458 265 5506 mentes
277 5461 305 5507 et
319 5455 426 5529 linguas
440 5462 556 5517 orrtoium
571 5463 689 5532 gentiunt
708 5469 791 5529 tenet,
805 5477 864 5530 qum
878 5461 955 5518 Cltri-
1038 5475 1047 5506 ¹
1065 5471 1177 5536 uterique
1187 5476 1252 5531 tiss..
1263 5475 1451 5521 mouentium.

161 5546 203 5591 sto
215 5553 247 5593 cs
260 5544 369 5602 semino
384 5549 466 5605 Dauid
488 5551 634 5607 secundum
653 5551 804 5623 Scripturas
829 5551 954 5609 licor-aeus
1008 5596 1015 5646 ι
1035 5537 1053 5621 .’,
1065 5540 1134 5593 mh·
1154 5531 1272 5584 wilm·
1289 5533 1374 5583 ΨΜ
1393 5539 1443 5580 ³¹¹¹·
1462 5536 1498 5579 Ε’-
1518 5537 1543 5581 ⁰²
1563 5529 1648 5595 [¹¹¹¹res
1662 5534 1733 5589 ω’
1752 5540 1794 5578 '¹⁰‘

158 5624 345 5703 dissentiente,
362 5639 464 5711 iutprlct,
480 5643 550 5712 qttod
570 5644 605 5699 ibi
616 5644 744 5717 scriptum
762 5656 812 5715 est,
837 5649 952 5719 promis-
1017 5602 1132 5706 ruffini
1143 5655 1248 5718 codices,
1261 5653 1497 5706 rtuuommuutitts.
