3938 6360
218 293 274 354 dii

219 418 280 475 ecit·
294 413 360 472 iiam
374 414 395 469 si
409 413 433 470 ei
445 411 576 485 qtrispiam
589 410 660 467 dieat
674 408 769 465 similis
780 408 848 478 eius,
862 407 900 462 Ea
912 419 972 478 quoe
985 412 1010 459 te

219 505 359 563 ellendune
371 504 397 559 in
409 504 479 575 [repe
489 517 521 557 ae
531 500 671 574 Propiretis
683 499 748 555 laisa
761 506 834 566 suut,
847 495 894 552 scd
903 505 1013 569 propter·

219 597 340 654 iulirmos
360 605 392 653 et
408 594 577 666 imperfectos
592 594 630 649 sie
646 608 677 650 ea
696 592 810 663 Spiritus
828 599 936 646 sanctus
949 589 1011 659 poni

219 688 303 745 soluit
315 707 321 744 :
332 687 395 758 quid
408 686 464 758 peri
478 701 528 742 suo
541 700 609 740 rano
620 691 713 740 contra
726 684 777 738 boe
788 670 946 751 respoudeat
959 693 1012 733 non

219 779 337 836 babebit.
358 778 530 835 convincitur
544 777 615 833 enim
629 775 718 847 regula
733 773 809 840 laisa,
823 771 869 828 sod
882 785 947 835 sua;
963 783 1012 824 uec

219 872 347 944 sapientis
359 884 391 926 ac
404 869 487 936 docti,
502 867 549 925 eod
563 867 647 935 stulti,
663 865 802 934 sicutipse
816 872 867 931 ost,
882 872 960 932 atqu»
973 862 1011 914 iu-

132 1008 136 1019 .
218 962 316 1019 eruditi
331 969 420 1027 manu,
434 975 484 1016 suo
498 968 586 1014 umen
601 956 688 1029 plodio
699 955 844 1027 jugulatur.

254 1051 369 1109 CAPUT
387 1049 423 1106 ii.
436 1081 471 1092 -
484 1050 530 1106 35.
551 1047 684 1104 Posthac
697 1061 761 1102 saue
775 1043 895 1114 sacrilegi
909 1054 936 1098 ct
951 1042 1010 1096 runi

219 1142 336 1198 bominis
348 1141 475 1212 sacrilega
487 1139 656 1211 vaniloquia,
671 1136 767 1209 quibus
784 1150 827 1192 me
841 1133 1010 1204 respondisse

220 1233 384 1291 ruibcientcr
395 1232 519 1289 existimo
529 1248 537 1286 a
549 1230 600 1286 itoc
613 1238 664 1294 est,
678 1229 712 1285 de
725 1225 799 1282 initio
811 1226 963 1291 Genesens;
977 1223 1011 1279 de

141 1322 146 1327 “
220 1324 288 1381 ineis
305 1321 422 1389 labrim;
436 1321 470 1378 de
486 1320 530 1377 die
546 1320 589 1376 rel
601 1319 677 1384 soie;
692 1317 726 1374 de
740 1330 819 1372 eausa
832 1312 1009 1370 constituendi

220 1417 355 1473 bominem
368 1432 376 1481 ;
393 1415 428 1471 de
445 1423 554 1485 peceato
569 1411 652 1478 bd:e;
667 1411 701 1468 de
715 1409 813 1466 labrien
827 1407 960 1473 ironriuls;
976 1408 1010 1462 de

219 1521 348 1580 persuasu
367 1505 517 1580 serpentis;
537 1504 571 1560 de
591 1490 733 1558 maledieto
752 1502 777 1556 in
796 1499 913 1564 bomine,
933 1507 960 1553 et
976 1498 1010 1553 de

219 1601 282 1657 ritae
295 1599 390 1656 arbore
402 1614 410 1665 ;
423 1597 457 1654 de
470 1594 623 1668 poeutrou'n
639 1594 685 1649 liei
698 1591 754 1658 :dn
768 1591 867 1646 diluuio
879 1606 887 1656 ;
901 1590 935 1646 de
946 1604 1009 1644 areu

219 1690 247 1747 in
262 1690 391 1756 nubibus;
407 1688 441 1745 dc
452 1686 620 1743 induratione
632 1684 721 1742 cordis
734 1681 895 1747 l‘bamunisa
911 1680 944 1736 de
956 1682 1009 1750 spi-

219 1785 273 1842 ritu
287 1783 417 1841 mendacii
431 1780 576 1838 secuudum
590 1777 725 1834 liicbtcam
739 1775 910 1847 prophetenr3
924 1773 957 1830 de
971 1782 1010 1829 te·

219 1876 346 1933 stimnnlo
366 1873 440 1929 isaiae
458 1869 610 1943 proplretn,
631 1875 740 1939 propior
759 1865 830 1937 quod
843 1865 880 1920 ait
901 1882 908 1918 :
929 1861 1010 1918 Filios

219 1971 294 2042 perid
306 1978 331 2024 et
343 1965 452 2024 eaaituui
462 1981 472 2020 .·
483 1964 580 2036 quibus
592 1977 697 2018 rursum
711 1959 790 2025 dicit,
811 1956 875 2012 Filii
893 1956 1006 2019 scelesti,

219 2075 303 2115 umen
321 2058 456 2128 pessimant
474 2071 484 2109 .·
501 2063 528 2109 rt
546 2052 615 2125 quod
635 2051 697 2106 item
718 2048 787 2120 apud
803 2034 863 2103 enm
880 2045 1008 2116 scriptum

219 2166 280 2210 tuse
292 2149 370 2215 dixit,
386 2147 443 2221 iipc
453 2162 509 2202 ratur
523 2145 591 2200 Deus
604 2143 700 2218 societte
711 2141 776 2195 iona
786 2149 811 2195 et
823 2154 911 2192 creant
923 2135 1009 2190 utria:

218 2242 414 2316 deperditione
428 2239 535 2312 popuii,
549 2236 674 2292 mandato
693 2233 775 2304 ilopsi
788 2231 808 2298 ¹;
822 2229 856 2287 de
868 2227 1009 2285 meledicto

218 2328 290 2406 quod
305 2342 380 2404 turpe
393 2329 544 2396 existiman
560 2328 594 2384 de
607 2325 671 2391 Dei,
688 2339 765 2396 apuam
782 2329 873 2392 puter,
887 2318 1009 2376 contessa

218 2420 388 2492 cmdelitate3
402 2423 437 2481 de
446 2422 535 2480 studio
544 2419 616 2493 qttod
629 2413 916 2490 putntmaiitiae,1usta
928 2403 1009 2467 llurid

219 2532 330 2590 regem
346 2515 380 2570 de
398 2511 515 2584 eoquod
538 2509 664 2579 scriptum
678 2516 738 2572 est,
760 2504 867 2560 Poertitet
886 2501 1011 2572 mequod

218 2607 390 2664 cendituerim
411 2604 477 2661 Sut'ti
490 2605 516 2658 iu
535 2618 617 2675 rupem
632 2619 639 2656 :
656 2599 691 2656 de
708 2598 803 2670 spiritu
820 2595 913 2667 iloysi,
933 2593 1009 2663 cujus

218 2703 369 2772 Scripturas
381 2705 456 2769 putat
467 2696 567 2752 dixisse
579 2690 734 2765 Apostolum
749 2688 852 2745 labulas
862 2686 962 2747 aniles,
974 2684 1010 2740 de

218 2795 346 2865 qualitate
367 2792 527 2864 ngurarum:
543 2787 577 2844 dc
592 2785 743 2847 Abrabam:
758 2782 792 2838 de
812 2781 873 2836 lriiis
888 2779 944 2835 lloii
964 2792 1009 2833 su·

219 2883 336 2942 certioris
347 2900 355 2952 ;
368 2882 403 2939 de
416 2879 554 2937 sacrilicils
566 2919 575 2946 ,
589 2892 649 2949 quum
663 2885 737 2947 putat
751 2888 803 2929 non
817 2871 867 2927 nisi
882 2869 1010 2924 dromoni·

219 2975 271 3031 bus
280 2972 401 3031 exbiberi
414 2989 422 3038 ;
437 2971 472 3029 de
485 2968 626 3040 Prophetis
638 2966 703 3033 bet,
718 2977 786 3038 quos
799 2970 873 3035 putat
886 2968 948 3016 ante
960 2958 1010 3014 nd·

218 3073 327 3124 venturu
343 3063 447 3120 iiourini
462 3076 514 3118 non
529 3060 627 3125 luisse3
640 3058 675 3115 de
686 3055 801 3126 eoquod
814 3056 840 3110 iu
852 3053 923 3124 Lupe
936 3050 1009 3122 posi·

220 3170 276 3215 tum
288 3167 340 3226 eet,
354 3155 509 3228 sanguinem
522 3168 582 3211 osse
594 3151 727 3215 eitimam
741 3148 775 3204 de
787 3148 842 3203 lieo
852 3145 894 3201 eui
906 3143 1010 3215 iloyses

219 3250 345 3317 servivit,
369 3263 448 3321 quem
472 3255 547 3319 putot
569 3246 651 3301 llerun
672 3257 764 3298 sertim
785 3254 837 3295 nen
860 3237 957 3300 luisset
976 3235 1010 3290 de

218 3344 346 3400 vadente
359 3356 550 3414 personarum,
568 3339 594 3394 in
606 3336 702 3409 quibus
714 3342 788 3405 putet
802 3332 956 3403 bpustolutn
971 3329 1010 3382 io·

218 3443 389 3508 culumqesse
410 3432 550 3488 fallaciter.
574 3430 639 3498 Qum
661 3426 749 3482 omnia
771 3440 823 3479 nnn
846 3422 896 3477 ime
917 3420 1010 3476 ordine

219 3533 375 3597 persecutus
385 3539 455 3590 sum,
469 3523 512 3593 qui
523 3528 564 3578 e‘st
573 3521 599 3574 iu
611 3519 678 3574 iibro
687 3516 762 3587 ejtrs;
776 3513 824 3570 sod
835 3514 902 3568 sicut
913 3519 1011 3566 nostrae

218 3616 404 3688 disputationis
417 3613 524 3670 sibimet
536 3624 654 3668 connexa
668 3607 754 3664 series
769 3604 920 3676 postulauit.

254 3694 368 3765 curbi
380 3706 464 3762 xl-
475 3705 521 3761 bd.
531 3702 660 3759 Postbaec
670 3715 735 3771 ergo
751 3696 949 3754 omuiatituinm
964 3707 1011 3761 po

210 3798 330 3865 ,strit,ita
343 3795 527 3853 sebabentom
544 3811 551 3848 :
567 3791 688 3847 discredo
703 3789 838 3862 spirituum
848 3782 1011 3855 malipuitntis

220 3891 394 3948 etiouittttir¹.
404 3889 439 3945 Et
452 3889 533 3959 roep'u
543 3885 685 3943 contrariis
698 3880 937 3938 intersebteribus
951 3895 1011 3937 ore·

220 3984 328 4056 brienne
346 3981 484 4040 sententiis
498 3978 606 4036 laudare
619 3976 768 4039 Cirristum,
779 3981 806 4028 et
820 3987 945 4029 accusare
958 3971 1011 4027 Le·

220 4074 262 4148 pis
274 4076 374 4141 ileum,
401 4074 454 4129 boc
472 4070 569 4136 modo,
583 4068 656 4125 reiut
668 4083 728 4122 enm
742 4063 777 4120 ad
788 4079 865 4134 quaem
879 4061 1012 4118 scribebat

222 4165 367 4223 exhortans
381 4182 388 4221 a
403 4163 488 4231 Qunre
507 4163 594 4234 ipitru,
610 4163 698 4231 furter,
712 4156 812 4227 inquit,
826 4153 1012 4209 matricularii

220 4257 352 4328 iniquitute
363 4251 596 4326 paronomasia,
610 4248 769 4305 irrteruiuruus
784 4245 910 4301 Citriatruu
928 4261 1011 4299 utrrnu

220 4366 397 4406 assummum
424 4347 524 4414 dieunt,
547 4361 597 4400 uon
620 4343 697 4415 irup'ur
717 4339 804 4397 seculi
829 4339 1012 4411 principante!

221 4442 311 4498 mundi
322 4445 453 4513 lotorem,
467 4440 492 4492 iu
504 4454 553 4508 quo
563 4453 607 4491 noa
616 4432 919 4506 pereprinariatepirriute
927 4430 1011 4485 decio·

220 4540 305 4586 ratum
314 4539 360 4585 est.
376 4528 557 4594 intendamus,
569 4527 689 4596 r'rtprtaur,
701 4524 775 4578 iiiuur
790 4524 858 4593 piuur
873 4539 903 4576 ue
916 4523 1011 4586 utitem,

222 4621 267 4693 tpri
280 4636 326 4675 not
338 4635 391 4674 tute
403 4618 560 4690 copuutiouia
575 4614 722 4678 ostendens.
741 4613 829 4668 muudi
843 4612 928 4667 iumen
941 4627 1014 4664 oocu-

221 4713 256 4768 uit
266 4726 277 4767 .·
287 4726 338 4766 narr
351 4710 425 4764 ilium
436 4708 480 4781 pai
493 4708 630 4764 secuudum
649 4707 787 4775 scripturae
799 4703 922 4758 iudaicus
935 4711 1012 4756 terre·

196 4868 200 4883 ,
222 4822 284 4864 uum
297 4805 368 4860 uobis
382 4804 483 4859 initium
495 4804 644 4874 ursipnuua,
657 4800 684 4855 iu
705 4810 773 4854 terra
792 4796 863 4852 uoiis
883 4797 959 4865 finem
972 4794 1013 4848 iu·

222 4900 298 4958 dieat.
320 4897 486 4954 iuteudarrutr
502 4897 576 4952 iilum
588 4896 630 4965 uui
654 4909 700 4949 nor
713 4893 803 4962 fratrer
817 4887 966 4962 appellans,
980 4887 1014 4941 ai·

224 4990 306 5066 piiure
318 5008 349 5045 ue
361 4991 446 5046 dieitur
456 5004 546 5060 rapere
557 4985 680 5059 persuasit
691 4998 759 5038 :uon
770 4979 843 5034 ilium
850 4979 892 5050 qui
905 4994 949 5031 nee
959 4976 1015 5047 dip-

224 5082 358 5140 norrerrtite
371 5081 472 5157 pridem
483 5094 584 5136 sermm
610 5075 701 5131 lraberr
721 5071 947 5145 possidentque
965 5068 1015 5122 boe

226 5176 306 5234 uredo
315 5184 412 5233 autera
426 5175 509 5230 multa
518 5168 663 5229 contexuit.

263 5272 307 5326 57.
318 5270 365 5327 Cui
379 5268 440 5324 loco
449 5265 508 5322 libri
518 5264 576 5334 ejus
589 5262 625 5317 ita
640 5253 854 5328 respondendnm
870 5251 957 5323 putari
968 5293 976 5318 ,
987 5261 1016 5305 ut

224 5366 307 5423 ctiam
321 5378 372 5434 ego
386 5376 433 5416 ros
446 5358 621 5416 exhortarer:
636 5348 806 5408 intendamus
817 5343 953 5400 Christum
967 5358 1014 5398 re·

226 5472 286 5514 rutu
299 5463 328 5512 et
346 5466 479 5515 summum
500 5449 599 5513 beem,
610 5443 668 5500 reri
689 5446 717 5496 et
737 5437 833 5521 summi
848 5433 1016 5491 bulonicum

257 5567 265 5598 ¹
285 5573 335 5616 lm.
345 5571 372 5617 et
381 5571 445 5623 lm,
455 5557 571 5611 mndata
581 5551 665 5620 lapsi.
676 5559 726 5602 beu
736 5548 817 5599 ntnns
826 5547 902 5608 boue,
913 5551 941 5597 ut
952 5552 1019 5610 patet

226 5642 258 5680 ea
273 5628 434 5689 terrebere.
447 5619 572 5683 itiuiii.
676 5671 682 5684 ,
720 5670 727 5682 ‚
973 5667 979 5677 ¹

256 5677 562 5754 arruuuuwrutpu
583 5685 606 5733 et
628 5677 827 5728 aestuemus
849 5684 901 5736 pro,
921 5667 1020 5750 amitant

224 5761 247 5807 ti
259 5753 321 5808 rou.

482 293 617 351 cestus
639 258 882 349 ubvuustuttllt
900 282 1000 343 euers
1020 282 1065 342 ΒΤ
1084 285 1349 360 luorum-ulturi,
1370 244 1601 354 ssudettsrtut

1801 297 1863 361 ouo

1067 406 1180 478 uitium,
1196 425 1249 466 uon
1265 410 1343 481 liujus
1357 414 1447 470 seculi
1462 416 1604 486 malignum
1624 416 1788 487 principem,
1806 419 1859 474 sod

1066 507 1153 555 umen
1173 502 1280 569 mundi,
1296 502 1347 560 boo
1360 514 1418 573 est,
1431 507 1493 563 coeii
1508 516 1638 578 terraeque
1650 507 1794 578 lectorem,
1811 511 1857 580 pri

1065 605 1114 646 nos
1128 599 1251 664 unquam
1278 596 1436 666 peregrinos
1458 597 1539 653 situm
1562 599 1734 668 temporalem
1756 599 1783 654 in
1804 598 1858 656 boc

1064 694 1144 751 ogere
1157 684 1318 740 mortalitate
1332 687 1467 756 praecepit.
1481 686 1669 756 intendamus,
1684 689 1807 759 inquom,
1820 691 1856 745 il-

1064 769 1118 825 lum
1128 770 1326 829 misericordem
1339 790 1371 830 ao
1383 776 1495 842 mitem,
1510 778 1555 847 qui
1566 793 1614 832 nos
1628 777 1723 833 iratres
1736 783 1799 835 suos
1811 777 1856 835 ie·

1063 859 1099 916 cit
1108 862 1192 932 gratia
1202 903 1210 930 ,
1222 879 1275 919 uon
1286 873 1391 920 natura.
1403 865 1462 936 ipsc
1473 869 1606 929 estenim.
1621 883 1674 924 nou
1688 869 1766 935 alius,
1784 870 1859 926 sieut

1064 950 1107 1007 irie
1120 961 1210 1024 putat,
1223 956 1266 1027 qui
1281 955 1426 1012 secundum
1442 958 1593 1029 Scripturas
1615 968 1751 1015 terrenum
1774 941 1855 1017 nobis

1063 1058 1170 1114 corpus,
1185 1045 1300 1102 animam
1312 1062 1376 1103 uero
1390 1047 1451 1103 llutu
1466 1048 1554 1117 dedit,
1569 1045 1714 1121 utrumque
1735 1050 1853 1117 iaciens,

1063 1150 1117 1191 nun
1131 1151 1224 1193 eorum
1235 1139 1334 1210 aliquid
1349 1141 1468 1211 gignens.
1478 1141 1527 1211 Qui
1536 1156 1585 1198 nos
1598 1142 1707 1214 uigilare
1721 1142 1855 1199 addirina

1062 1242 1157 1294 sapere
1167 1229 1247 1299 lussit
1260 1240 1286 1286 et
1301 1231 1372 1288 iecit.
1387 1231 1446 1304 lpse
1458 1243 1500 1290 est
1513 1236 1602 1300 enim,
1617 1251 1669 1289 non
1683 1235 1765 1301 alius,
1782 1235 1857 1292 sicut

1062 1317 1105 1375 iric
1115 1321 1252 1392 putat,qui
1262 1322 1472 1394 dignoscentiam
1485 1325 1548 1381 boni
1558 1327 1660 1382 aemuli
1675 1328 1854 1399 ncpeeeando

1061 1411 1253 1482 experiremur,
1264 1412 1410 1471 admonuit.
1426 1414 1476 1484 Qui
1496 1432 1546 1473 nos
1567 1416 1601 1472 ad
1624 1418 1852 1474 immortalitatem

1062 1519 1159 1561 vocans
1169 1547 1177 1571 ,
1187 1507 1305 1569 eoeicstia
1318 1507 1394 1564 nobis
1406 1522 1488 1581 regna
1500 1509 1631 1580 promisit.
1642 1509 1701 1580 ipsc
1712 1519 1753 1566 est
1765 1510 1852 1577 cuim,

1062 1612 1114 1653 non
1137 1597 1219 1663 alius,
1240 1598 1308 1654 sicut
1333 1595 1376 1654 irie
1399 1600 1540 1671 putar.qut
1554 1614 1603 1655 uos
1628 1609 1688 1670 post
1712 1608 1852 1669 peecatum

1062 1704 1132 1756 reos,
1147 1689 1180 1746 ab
1193 1692 1374 1747 rotomorum
1398 1690 1523 1748 felicitate
1545 1691 1678 1758 secreuit,
1702 1700 1729 1748 ot
1743 1700 1853 1747 terreno

1061 1781 1151 1839 labore
1165 1781 1276 1854 punivit.
1290 1783 1340 1851 Qui
1356 1800 1423 1848 nos,
1448 1799 1501 1839 non
1526 1784 1595 1838 sicut
1614 1782 1665 1838 iste
1684 1782 1768 1845 dicit,
1782 1780 1856 1836 nibil

1062 1873 1200 1946 ignorare,
1225 1874 1273 1931 sed
1298 1875 1370 1931 utiba
1395 1875 1464 1931 seire
1477 1873 1628 1945 pracepit:
1649 1888 1699 1929 nee
1718 1870 1785 1927 sicut
1800 1872 1858 1928 istu

1060 1966 1142 2023 sentit
1153 1976 1232 2038 storto
1245 1967 1380 2023 anerituto
1392 1966 1532 2029 dissentit,
1555 1963 1692 2020 seientiam
1715 1954 1857 2016 duronius

1062 2057 1087 2112 in
1100 2057 1193 2123 nobis,
1206 2072 1265 2128 ertu
1278 2056 1307 2112 sti
1319 2056 1445 2128 sapiendo
1455 2055 1601 2126 justitiam,
1618 2053 1664 2111 sed
1678 2069 1736 2125 quiae
1750 2053 1779 2108 iit
1804 2069 1852 2107 ex-

1062 2147 1188 2218 periendo
1201 2155 1348 2219 peccatum.
1360 2146 1410 2216 Qui
1420 2162 1468 2202 utrs
1481 2145 1551 2217 uttod
1564 2160 1656 2202 errore
1671 2143 1857 2200 moriebamur

1061 2236 1203 2296 ruiseratns
1214 2248 1266 2298 est.
1282 2238 1340 2311 lpse
1354 2242 1491 2306 ostentm,
1506 2253 1558 2292 nou
1571 2237 1651 2304 alius,
1665 2236 1733 2291 sicut
1744 2235 1787 2290 bie
1804 2252 1852 2304 pn·

1062 2339 1109 2399 eu,
1122 2331 1168 2404 qni
1181 2347 1231 2388 nos
1245 2332 1334 2396 morti,
1349 2346 1400 2386 uon
1416 2346 1448 2387 cs
1463 2343 1616 2400 unesapere
1628 2328 1769 2398 coepimns,
1779 2327 1851 2397 quod

1061 2426 1111 2481 istc
1124 2425 1175 2490 ait,
1191 2424 1238 2482 sed
1251 2441 1284 2480 ex
1304 2439 1358 2495 qrto
1378 2422 1548 2494 deliquimus,
1563 2420 1714 2476 destinarit.
1730 2419 1790 2488 Qui·
1800 2434 1851 2473 uos

1060 2516 1334 2591 proprins'iacultatos
1349 2515 1468 2570 lrorlatur
1481 2527 1623 2584 spernere,
1640 2511 1693 2565 imo
1706 2526 1770 2565 roro
1791 2510 1851 2565 loco

1060 2602 1158 2667 tutiore
1171 2608 1316 2666 recondere
1328 2606 1433 2679 (linuit.
1448 2620 1485 2672 ur,
1504 2603 1547 2666 ii,
1559 2602 1605 2675 ΞΟ)
1620 2620 1628 2657 ι
1643 2616 1704 2657 eum
1728 2600 1784 2671 ipse
1796 2600 1848 2661 sit,

1060 2715 1114 2756 uon
1127 2700 1206 2767 aiius,
1221 2707 1249 2756 ut
1259 2699 1303 2754 irie
1318 2696 1456 2769 perimmuni
1466 2710 1495 2750 se
1505 2709 1557 2749 nou
1572 2703 1673 2748 tantum
1688 2691 1850 2755 celestium,

1061 2791 1242 2847 verumetiam
1256 2799 1420 2846 terrenorum
1435 2786 1574 2842 bominum
1586 2783 1741 2848 osteudens,
1750 2797 1779 2838 ea
1788 2797 1852 2852 quau

1061 2883 1135 2956 impii
1156 2882 1344 2955 possidebant,
1370 2878 1563 2950 exspoliatione
1586 2873 1748 2946 plectendi¹,
1767 2887 1848 2936 suos,

1061 2977 1158 3049 quibus
1176 2974 1228 3032 boc
1248 2990 1297 3046 pro
1314 2983 1434 3044 temporo
1447 2969 1627 3040 congruebat,
1647 2967 1752 3022 aulerro
1771 2973 1852 3034 atone

1062 3067 1171 3136 babere,
1187 3068 1243 3123 sire
1254 3065 1351 3138 jussit,
1365 3064 1422 3120 siue
1435 3060 1564 3134 permisit.
1580 3059 1629 3129 Qui
1654 3057 1735 3112 donat
1754 3055 1850 3111 delicta

1062 3163 1199 3221 conuersis
1209 3176 1288 3218 :cum
1304 3161 1361 3232 ipse
1370 3159 1421 3223 sit,
1434 3172 1486 3212 non
1498 3154 1584 3221 allus,
1600 3159 1632 3208 ut·
1644 3151 1687 3207 irie
1699 3157 1791 3220 punt,
1806 3147 1856 3217 qui
1895 3175 1904 3194 .

1062 3258 1089 3312 iu
1102 3256 1206 3313 tertiam
1220 3262 1377 3325 etquartum
1390 3248 1542 3322 progeniem
1554 3243 1679 3302 retribuit
1693 3241 1772 3312 digna
1786 3255 1851 3310 prr·

1063 3346 1157 3406 versis.
1171 3345 1222 3413 Qui
1242 3359 1296 3400 nou
1315 3341 1450 3408 omnium,
1464 3339 1533 3394 sieut
1554 3334 1604 3392 iste
1628 3334 1680 3401 ait,
1695 3331 1742 3387 sed
1757 3342 1857 3408 eorum·

1063 3450 1130 3508 quos
1139 3445 1201 3492 ante
1213 3433 1344 3507 prescivit
1355 3439 1385 3488 et
1395 3427 1608 3502 praedestinant,
1621 3423 1716 3480 delicta
1730 3419 1852 3476 dimittit.

1064 3530 1171 3601 lpseest
1180 3536 1287 3593 autem,
1301 3541 1354 3581 non
1368 3524 1450 3589 alius,
1463 3518 1584 3576 sicutbie
1597 3512 1740 3588 putat,t1ui
1754 3511 1857 3567 delicta
1877 3516 1880 3522 ·

1063 3620 1255 3695 quorumdam,
1264 3619 1297 3675 uti
1308 3617 1441 3690 poenaiem
1454 3612 1533 3669 animi
1542 3610 1661 3667 dolorem
1670 3617 1861 3675 terroremque

1063 3715 1209 3784 majorem,
1223 3712 1303 3768 etiam
1317 3709 1423 3765 iliorum
1434 3705 1478 3776 nui
1492 3718 1523 3760 ea
1536 3718 1590 3758 non
1603 3699 1783 3759 admiserunt,
1798 3710 1853 3748 nou

1063 3804 1259 3877 spiritualibus,
1271 3800 1318 3857 sed
1328 3795 1511 3870 corporalibus
1518 3792 1647 3849 mortibus
1659 3785 1813 3852 vindicarit,
1824 3794 1859 3841 ur

1063 3894 1182 3952 conditio
1195 3891 1347 3951 mortalium
1361 3904 1413 3960 qua
1427 3886 1532 3942 luerent
1545 3891 1603 3955 post
1618 3878 1753 3953 paululum
1768 3876 1855 3932 mori·

1064 3990 1116 4047 turi
1126 4031 1134 4058 ,
1146 3989 1225 4044 etium
1236 3987 1287 4042 isto
1298 3983 1377 4040 ruodo
1389 3981 1501 4036 serviret
1515 3976 1562 4034 liei
1575 3973 1766 4048 prouidentia,
1784 3961 1812 4026 et
1826 3970 1854 4026 in

1065 4097 1141 4138 usum
1155 4079 1260 4136 coderet
1274 4070 1493 4145 disciplinarum
1507 4082 1557 4126 nos
1569 4080 1622 4122 non
1637 4066 1664 4121 in
1678 4071 1764 4120 totum
1775 4058 1857 4116 irasci

1065 4172 1214 4248 probibuit,
1229 4162 1441 4242 qrranduquidenr
1455 4171 1483 4218 et
1497 4163 1553 4232 ipse
1567 4159 1650 4216 iratus
1662 4165 1704 4213 est
1718 4153 1761 4210 ubi
1774 4167 1858 4223 opor·

1065 4268 1114 4323 tuit
1130 4283 1137 4319 ε
1153 4265 1199 4320 sed
1214 4260 1292 4318 irasci
1305 4268 1332 4316 et
1341 4273 1394 4313 non
1405 4268 1515 4325 peecare
1528 4249 1664 4323 precepit.
1680 4248 1739 4318 lpse
1748 4254 1791 4302 est
1804 4259 1853 4299 uu·

1065 4353 1118 4415 tem
1128 4400 1136 4425 ,
1147 4372 1200 4413 non
1215 4355 1292 4419 alius,
1309 4366 1361 4407 non
1376 4349 1420 4420 qui
1435 4340 1591 4405 vindicandi
1600 4355 1709 4407 currens,
1722 4338 1791 4394 sieut
1804 4336 1857 4392 iste

1065 4448 1194 4513 alimur,
1212 4443 1337 4515 inquirit;
1357 4439 1404 4496 scd
1426 4434 1597 4492 vindicandas
1610 4430 1733 4495 eatrsas',
1747 4427 1858 4500 qrrarrdo

1066 4542 1125 4612 ipse
1138 4537 1228 4604 norit,
1244 4534 1368 4591 aduertit.
1382 4531 1431 4601 Qui
1447 4545 1505 4592 nos,
1522 4543 1555 4582 ue
1569 4522 1674 4596 quando
1685 4521 1856 4592 juraremus,

1066 4632 1170 4690 monuit
1184 4648 1191 4684 :
1207 4638 1237 4684 nt
1254 4625 1380 4698 querulam
1393 4620 1448 4677 iulii
1469 4630 1628 4691 possumus,
1649 4614 1728 4684 louge
1741 4610 1827 4666 simus
1841 4625 1858 4665 a

1068 4722 1184 4797 periurio
1196 4736 1249 4778 nou
1266 4715 1391 4790 jurando.
1407 4712 1465 4784 lpse
1477 4718 1518 4767 est
1531 4718 1636 4772 autem,
1650 4719 1704 4761 uon
1718 4701 1805 4770 alius,
1828 4711 1859 4757 ut

1067 4819 1111 4874 bie
1121 4823 1211 4887 putat,
1230 4812 1275 4884 qui
1286 4825 1342 4866 stru
1355 4805 1495 4864 sententia·
1507 4801 1644 4857 veritatem
1656 4796 1690 4851 ad
1704 4792 1859 4851 incredulos

1067 4906 1259 4980 increpandos,
1275 4903 1320 4959 ubi
1333 4917 1399 4973 opus
1415 4913 1474 4954 esse
1487 4892 1632 4967 pudieam,
1646 4887 1726 4945 etiam
1740 4885 1860 4957 iurando

1069 5001 1194 5058 ilrnrarit.
1208 4997 1384 5055 Sicutautem
1408 4990 1489 5045 bomo
1510 4987 1604 5058 jurans
1628 4979 1737 5038 adiribet
1761 4986 1858 5033 testem

1070 5094 1164 5157 ileum
1178 5088 1213 5146 ita
1227 5103 1257 5144 se
1273 5087 1359 5156 ipsum
1375 5083 1452 5138 lions.
1472 5079 1522 5148 Qui
1547 5091 1596 5132 uos
1609 5075 1636 5131 in
1649 5072 1702 5129 ilde
1715 5069 1788 5127 uerbi
1801 5070 1860 5125 ueri

1069 5194 1140 5240 stare
1152 5179 1241 5253 jussit.
1256 5177 1315 5248 ipse
1327 5182 1368 5232 est
1380 5172 1462 5237 enim,
1476 5183 1529 5223 non
1544 5166 1622 5232 nlius,
1636 5165 1705 5218 sleut
1716 5160 1760 5216 iric
1772 5167 1861 5232 putat,

1071 5288 1123 5330 uon
1136 5272 1180 5345 qui
1190 5270 1352 5326 uoluntatem
1366 5276 1453 5329 auam,
1464 5259 1533 5316 sicut
1546 5256 1596 5313 iste
1617 5251 1799 5324 blasphemat,
1813 5239 1865 5305 sed'
1889 5256 1893 5263 '

1070 5367 1115 5440 qui
1126 5379 1170 5422 res
1179 5376 1246 5432 utras
1258 5357 1351 5422 noluit,
1360 5370 1412 5410 uon
1426 5359 1526 5408 mutata
1536 5348 1671 5404 rolruuate
1680 5343 1802 5399 mutarit.
1811 5340 1864 5408 Qui

1072 5456 1197 5515 nost-iarn
1210 5449 1329 5508 ueritatis
1339 5446 1439 5502 docuit.
1452 5441 1512 5513 lpse
1525 5449 1566 5496 est
1577 5437 1649 5494 euim
1663 5443 1691 5492 et
1711 5435 1780 5490 bees
1794 5431 1864 5489 Pro·

1105 5660 1113 5693 t
1127 5654 1251 5705 laricanus
1258 5646 1347 5700 octies.
1356 5639 1488 5706 eberardo

1106 5701 1440 5772 *rtuesussdrrtemdar
1451 5709 1545 5752 tw·
1622 5778 1625 5783 Ι
