3938 6360
102 226 161 296 tn
342 236 347 241 ·
716 304 719 309 p
808 224 911 288 trouu
928 228 1028 290 umus
1415 232 1439 285 .’
1690 229 1742 289 ιιι

100 358 180 415 us,
203 350 253 407 sul
273 344 386 420 adipisci
408 343 512 418 ailquid
536 344 611 410 vult,
630 347 721 401 omnis
744 342 790 416 qnl
822 343 892 400 ruit.
951 343 1093 415 aliquando
1105 342 1239 412 discreta,
1257 349 1566 407 nmcesscoommirta.
1577 348 1669 410 Gcsus
1682 350 1743 418 qui·

99 438 304 511 Μιὴιιιιι,
316 439 341 495 sl
353 438 443 496 omnia
461 438 511 494 lsta
523 438 584 494 ineo
596 435 709 491 clariora
721 442 802 500 snut,
816 432 895 489 sicuti
950 433 1011 488 dem
1031 435 1230 491 commixtionis
1246 433 1326 509 bajus
1343 446 1372 495 ct
1390 453 1499 497 masam
1513 440 1632 498 nondum
1646 437 1742 500 audio·

100 538 179 596 ιιιιιι,
192 538 281 601 usquc
295 536 486 596 mennatum,
498 526 547 584 sed
557 527 657 582 notitior
669 525 775 598 qcncrls
787 523 896 579 uumrot
950 538 1007 578 tam
1024 540 1031 578 ι
1046 523 1093 579 sed
1108 526 1262 597 lamoniam
1274 543 1396 599 quarens
1409 531 1561 600 poteram¹‚
1575 528 1742 591 utrumillnd

100 622 227 682 reutmb
252 621 339 695 ipsius
360 621 521 679 liberalitato
543 619 652 684 donam,
678 632 727 674 cur
749 617 795 672 illo
815 616 896 673 etlam
951 613 1315 685 nraluchnusanbnarum,
1329 627 1473 691 autequam
1483 620 1554 677 boso
1562 623 1743 685 misceretur.

101 714 230 785 tempure
239 711 333 769 diccrs
345 724 400 768 nou
412 722 517 782 possem
531 708 675 765 :Voluntas
685 714 727 764 est
738 715 825 762 motus
837 704 897 760 ani·
951 702 1088 760 habuisset
1101 702 1217 777 aliquam
1226 707 1400 766 uoluntatem.
1416 711 1444 768 si
1458 713 1529 768 cuim
1544 729 1597 769 aon
1614 714 1739 784 babebat,

101 806 152 874 ιιιι,
166 814 282 879 mente
301 804 387 871 nullo,
407 803 441 860 sd
461 801 561 874 aliquid
573 802 616 857 rel
634 814 687 856 non
701 797 897 864 amittendum,
951 794 1010 850 siue
1025 805 1226 869 peccatumque
1238 799 1483 867 lrrnooeaserst,st
1495 802 1557 860 idco
1569 803 1646 862 nunilo
1658 806 1742 864 modo

101 895 147 953 vd
161 892 389 966 fldipisoendum?
951 887 1050 944 malum
1072 888 1123 961 (d).
1138 889 1167 946 Sl
1181 899 1270 947 autem
1291 891 1351 949 ideo
1363 894 1482 962 mulum,
1505 895 1566 966 qula
1588 895 1650 953 libel
1668 892 1743 955 bibl!

138 983 316 1044 damulti.
330 1012 368 1025 -
380 982 425 1039 lb.
439 981 577 1037 Pacatum
594 980 666 1051 quid.
690 976 767 1035 Dicet
778 975 874 1048 aliquis
890 994 910 1032 ι·
951 977 1011 1034 slne
1024 979 1169 1046 calamato,
1187 989 1312 1052 mamam
1330 982 1409 1054 ignis.
1429 992 1518 1040 tamea
1530 985 1554 1040 si
1567 983 1667 1043 bouum
1677 988 1742 1044 atti·

103 1076 208 1135 Elisus
219 1074 397 1133 tssdrersum
413 1069 576 1130 Manricbmos
590 1069 654 1143 quid
666 1067 821 1141 adiuraroll
843 1066 900 1123 ux·
950 1069 1043 1140 piaret,
1066 1072 1188 1141 uiolaret,
1210 1082 1291 1145 atquo
1314 1084 1500 1145 corrumperet
1523 1093 1531 1131 ι
1555 1087 1683 1148 qnantum
1699 1086 1743 1136 cst

104 1176 217 1242 spectu
230 1167 289 1224 siue
301 1166 377 1238 prius
390 1165 470 1222 etiam
484 1170 625 1234 peccatum
638 1160 810 1226 delimamus,
827 1158 900 1231 quod
952 1160 1035 1226 nolas,
1051 1169 1080 1216 et
1099 1170 1221 1218 usturam
1235 1164 1297 1219 unali
1309 1172 1412 1220 tanturn
1425 1166 1514 1222 ualere
1526 1166 1559 1222 ad
1570 1179 1740 1228 commutau-

105 1259 315 1318 slsaroluntato
329 1270 391 1314 esso
411 1270 464 1312 non
484 1267 563 1326 posse
580 1251 669 1309 omnis
689 1265 765 1308 meus
781 1248 853 1322 apud
869 1262 900 1306 se
953 1247 1016 1303 dam
1029 1249 1110 1305 ullam
1130 1250 1179 1307 boi
1198 1261 1300 1322 parrum
1312 1254 1324 1286 ¹
1336 1295 1344 1319 ‚
1357 1260 1386 1310 et
1399 1268 1534 1312 summum
1554 1257 1619 1314 illud
1642 1258 1742 1321 bonum

102 1349 236 1407 'dlrirdtus
247 1347 431 1419 couscriptum
451 1344 525 1417 leqit.
547 1342 618 1414 Ergo
637 1351 775 1414 peccatum
789 1349 832 1397 cst
850 1352 900 1396 uo·
952 1340 1125 1410 corruptibile
1146 1349 1173 1397 ct
1194 1343 1317 1400 riolubilo
1337 1344 1470 1402 credcrel
1484 1346 1562 1415 Quod
1576 1348 1600 1404 si
1618 1350 1742 1411 voluntas

105 1440 200 1496 lautas
210 1437 345 1496 retinendi
357 1436 401 1494 rel
412 1433 595 1507 consequeudl
606 1432 679 1505 quud
691 1431 794 1503 lustitia
807 1437 899 1498 rotat,
952 1427 1049 1496 interut,
1061 1429 1181 1500 prolecto
1192 1432 1288 1500 inerat,
1297 1442 1408 1504 coqome
1418 1436 1502 1504 nullo,
1513 1448 1602 1494 motm
1613 1440 1695 1497 animi
1708 1440 1743 1499 nd

106 1538 138 1590 st
149 1531 222 1589 uude
231 1530 400 1588 liberam-est
412 1529 548 1586 abstinere
561 1526 610 1598 (ι).
623 1526 779 1597 Quanquam
793 1523 816 1579 sl
830 1516 906 1579 libo?
953 1517 1052 1590 aliquot
1066 1521 1109 1576 uel
1122 1537 1176 1577 non
1186 1523 1377 1590 amittendum,
1399 1525 1441 1582 uel
1461 1528 1670 1598 adlpisccndum.
1685 1530 1743 1588 lloc

109 1638 172 1681 rum
183 1638 237 1681 noa
251 1622 303 1690 sit,
321 1636 377 1678 aon
394 1627 437 1678 est
449 1619 584 1676 rotumas.
599 1614 653 1673 Sed
665 1615 746 1672 malui
758 1614 878 1688 grossius
891 1614 900 1647 ¹
952 1620 1041 1668 autem
1053 1612 1169 1685 aliquid,
1183 1624 1230 1670 arn
1248 1615 1348 1672 bonum
1365 1626 1433 1685 crat,
1454 1627 1500 1674 nut
1517 1620 1616 1677 bomnn
1629 1620 1744 1692 putaba-

107 1724 190 1789 quam
201 1714 385 1788 scrupulosius
396 1712 518 1770 dedalre.
535 1709 713 1767 Etiamae¹bi
724 1709 785 1765 libri
795 1707 901 1763 obscuri
953 1712 998 1761 tur
1013 1723 1021 1761 z
1037 1707 1175 1762 nonenim
1190 1707 1373 1780 aliterappoti
1392 1720 1497 1782 possut.
1512 1711 1567 1769 Sed
1589 1714 1616 1770 iu
1638 1730 1745 1774 summo

106 1805 177 1864 rulbl
189 1805 325 1863 scmtaadi
335 1812 424 1872 eraut,
433 1801 642 1860 uadedisoereua
657 1800 790 1856 nominem
800 1797 903 1869 rtmpo-
953 1797 1042 1861 malo.
1056 1806 1120 1853 ante
1133 1799 1350 1856 commixtionem
1367 1814 1447 1872 quam
1463 1802 1628 1872 pradicant,
1642 1806 1744 1863 nullum

107 1898 215 1955 ntioac
237 1896 401 1969 suppliciove
418 1893 548 1967 tignum,
569 1890 615 1965 qul
638 1897 686 1948 sut
708 1890 734 1947 ld
755 1889 816 1946 uelit
831 1887 902 1961 quod
954 1906 1070 1962 unquam
1090 1891 1189 1946 bonum
1211 1894 1270 1947 luit.
1283 1891 1361 1950 llnde
1374 1890 1558 1966 iqiturlbir'el
1576 1896 1688 1955 samntio
1703 1899 1746 1957 rel

108 1989 213 2060 justitia
224 1987 295 2045 rclle
308 2003 361 2043 non
376 1984 520 2058 probibet,
544 1992 591 2039 aut
611 1982 638 2039 ld
660 1996 714 2038 noa
734 1980 814 2037 iaciat
830 1978 903 2051 qarod
953 1980 1044 2049 opinio
1057 1980 1119 2036 boni
1132 1995 1193 2037 esse
1204 1982 1310 2053 potnitl
1322 1984 1363 2040 Aa
1375 1984 1442 2040 nibil
1455 1985 1579 2042 uolebant
1588 1989 1660 2059 quod
1673 1988 1746 2060 apud

110 2078 203 2137 iaccm
213 2092 268 2134 non
282 2076 387 2150 potestl
399 2074 493 2133 lionae
505 2074 556 2130 ista
570 2081 678 2129 cantant
691 2080 720 2129 et
731 2072 757 2128 ln
768 2070 903 2127 montibus
953 2088 984 2127 so
996 2082 1077 2137 esset.
1091 2082 1171 2144 atque
1185 2073 1249 2129 illud
1264 2073 1363 2131 bonum
1377 2091 1480 2143 uerum,
1498 2078 1571 2149 quod
1584 2089 1666 2136 extra
1675 2091 1744 2147 crat,
1808 2120 1813 2131 .

110 2161 245 2242 matures,
266 2177 295 2226 et
307 2169 336 2224 iu
350 2165 462 2224 tbeatrls
475 2172 571 2238 poeta,
585 2173 612 2245 ct
627 2162 727 2219 indocti
740 2162 768 2218 ln
780 2160 900 2228 circulis,
953 2163 1131 2232 nonuncium?
1142 2163 1195 2220 lsta
1207 2180 1272 2221 uero
1287 2167 1453 2236 proclamet
1466 2183 1560 2240 magna
1577 2169 1657 2228 laudc
1673 2186 1744 2242 pra·

109 2260 223 2320 etdocti
238 2261 266 2318 ln
279 2252 458 2327 bibliothecis,
472 2267 499 2316 et
512 2257 632 2333 magistri
645 2256 672 2312 in
687 2254 797 2324 scholis,
812 2264 840 2311 et
851 2269 901 2310 an·
952 2253 1066 2309 dicanda
1079 2256 1201 2310 noluntas
1213 2263 1266 2321 ost,
1282 2271 1334 2327 qun
1356 2270 1491 2314 summum
1506 2261 1641 2329 appetitur
1654 2269 1683 2317 et
1696 2277 1744 2318 rc-

110 2353 210 2410 tlstilcs
231 2352 257 2409 in
276 2350 389 2408 sacratis
402 2350 486 2418 locis,
500 2358 527 2407 et
541 2349 568 2405 in
583 2348 648 2406 orbe
662 2359 795 2422 terrarum
817 2360 903 2418 ponus
953 2358 1013 2399 ιιιιιι
1027 2345 1222 2403 bonumllude
1236 2345 1316 2418 igitur
1328 2347 1355 2403 iu
1367 2362 1472 2403 sunmm
1481 2350 1553 2404 malo
1563 2359 1652 2407 motus
1664 2353 1745 2410 rainu

112 2442 277 2498 bumannuml
287 2440 364 2510 Quod
377 2441 400 2497 si
414 2455 495 2496 nemo
514 2439 711 2511 uituperatione
732 2438 775 2494 rel
787 2436 901 2494 damna·
955 2444 1027 2491 tauta
1049 2435 1129 2492 laudo
1150 2436 1342 2508 dignissimusl
1356 2442 1398 2494 an
1411 2436 1501 2495 studio
1512 2440 1625 2496 nomnut
1638 2450 1747 2512 appsto-
1835 2431 1837 2434 ’

111 2534 185 2591 tloue
194 2532 291 2605 dignas
302 2539 353 2599 est,
367 2539 414 2588 aut
427 2544 481 2587 non
494 2540 586 2586 contra
609 2528 719 2585 uetitum
728 2526 840 2600 iustitiae
862 2525 903 2582 ln·
955 2528 1037 2583 lrarnl
1055 2528 1156 2598 Primo,
1176 2529 1272 2586 eodem
1286 2530 1433 2587 revolvitur
1447 2530 1526 2587 ratio.
1541 2531 1592 2601 Qui
1607 2532 1680 2589 onim
1694 2548 1746 2591 no·

110 2623 198 2691 ciens,
213 2631 261 2679 aut
274 2622 346 2694 qnod
360 2636 413 2678 uon
429 2629 519 2693 potest
530 2634 585 2676 uon
598 2618 709 2687 taciens,
722 2632 803 2674 omne
814 2624 902 2672 autem
954 2634 1017 2678 cere
1034 2623 1111 2688 ruit,
1137 2623 1209 2680 bono
1229 2623 1320 2696 aliquo
1341 2625 1399 2680 vult
1416 2625 1521 2695 privare
1540 2625 1623 2683 alium
1638 2636 1747 2700 proptor

113 2720 254 2787 pareatum
273 2713 317 2771 vol
338 2710 542 2784 vituperantium
563 2717 615 2776 est.
637 2709 680 2765 vel
703 2706 902 2774 dlmssfllldtlml
954 2713 1062 2786 aliquod
1083 2715 1182 2771 bonum
1205 2728 1294 2772 suum.
1314 2715 1380 2772 Erat
1393 2715 1513 2788 lqitrnin
1525 2717 1566 2775 cis
1578 2719 1620 2775 rel
1633 2710 1747 2779 scientia

111 2802 175 2877 quis
190 2802 296 2862 dubitet
309 2812 374 2860 tunc
386 2814 448 2859 csse
464 2808 620 2874 peccatum,
633 2814 695 2857 cum
708 2809 736 2857 et
748 2799 816 2856 sella
834 2797 906 2870 lnju-
956 2804 1029 2870 bonl,
1042 2805 1085 2861 rel
1096 2806 1208 2876 opinio,
1222 2821 1282 2877 quas
1294 2820 1400 2863 nmmo
1414 2806 1485 2863 rualn
1497 2807 1572 2864 nullo
1590 2809 1671 2865 modo
1683 2822 1746 2868 csso

110 2904 186 2953 stura
200 2889 254 2963 ιιι,
260 2903 288 2951 et
299 2893 414 2951 liberum
425 2892 514 2959 nolle;
525 2900 553 2947 et
566 2890 627 2948 ideo
636 2889 818 2948 detrusionem
831 2888 904 2945 illam
955 2895 1080 2953 debehat.
1097 2895 1311 2954 netimeuonum
1332 2897 1395 2954 titud
1410 2906 1486 2954 extra
1509 2912 1540 2954 se
1562 2901 1688 2970 pmtprm,
1701 2901 1747 2958 qm

109 2994 141 3044 et
151 2999 243 3043 reram
257 2992 285 3041 et
296 2985 330 3040 ad
344 2982 546 3054 intelligendum
558 2996 619 3039 esso
636 2982 799 3050 lucillinam,
809 2990 837 3039 ct
849 2995 903 3038 nou
956 2987 1310 3056 nocerestudebnnt,utrnm
1320 2988 1431 3044 omnino
1441 2997 1524 3057 esset,
1533 2990 1747 3063 undcooqnoro-

112 3079 195 3136 modo
216 3092 308 3146 nunc,
330 3076 380 3134 sed
403 3083 468 3132 tunc
485 3089 591 3147 quoquo
604 3089 620 3129 a
635 3088 680 3130 me
696 3075 814 3146 potuisse
827 3073 879 3130 dlcl
895 3090 903 3129 ι
956 3077 1067 3135 nntlsi
1081 3077 1276 3145 intellexerant,
1288 3077 1353 3150 quid
1367 3078 1412 3135 tali
1425 3090 1516 3137 monte
1527 3082 1747 3152 praetoriusttr

112 3170 257 3228 Pmcntum
267 3178 309 3226 est
319 3155 442 3226 uoluntas
456 3167 589 3224 retinendi
600 3167 905 3240 velconsequendiquod
955 3171 1098 3242 quidquam
1117 3180 1160 3228 est
1179 3171 1266 3238 aliud,
1282 3188 1335 3242 qno
1353 3173 1481 3245 ιιιιςιιιιι
1497 3175 1632 3233 laboribus
1655 3176 1746 3234 omals

111 3265 216 3336 iustitia
229 3270 313 3332 retal,
328 3270 356 3319 et
369 3261 440 3318 unde
454 3261 567 3317 liberum
586 3267 629 3317 est
640 3258 798 3316 abstinero?
956 3261 1086 3316 lronorum
1099 3262 1252 3333 porrigatur
1267 3261 1400 3330 intentio,
1422 3263 1474 3319 nisi
1491 3273 1522 3319 ut
1533 3279 1666 3322 summum
1680 3267 1747 3325 illud

146 3354 262 3413 Cdl’lll'
274 3353 334 3410 xli.
349 3382 386 3394 -
398 3352 442 3408 tt.
458 3352 501 3406 lin
513 3350 580 3406 datia
602 3349 790 3421 definitionibus
809 3349 906 3418 peccati
955 3359 983 3407 et
996 3351 1128 3406 sincerum
1141 3352 1240 3408 bonum
1252 3352 1435 3423 intelligaturl
1446 3353 1523 3423 Quod
1535 3370 1599 3427 erqo
1612 3364 1685 3414 uitnc
1695 3360 1744 3416 uix

112 3456 137 3505 et
149 3446 286 3503 uoluntatis
297 3447 412 3501 iuterim
425 3443 627 3499 lluniclroeoram
648 3450 726 3497 toturn
747 3440 844 3496 metit.
865 3438 906 3496 Ea
954 3441 1048 3511 paucis
1067 3436 1145 3497 bonis
1162 3441 1296 3514 justisque
1307 3442 1479 3514 corrocditur,
1496 3446 1523 3504 id
1537 3455 1602 3506 tuuc
1614 3446 1677 3506 illud
1690 3466 1748 3510 me

115 3541 242 3597 mierum
254 3540 314 3594 lunt
326 3539 469 3593 arianorum
477 3537 549 3609 justu
560 3534 723 3590 damnatione
734 3533 905 3604 tonnitorum
956 3548 1016 3588 mm
1029 3529 1137 3590 'malum
1156 3534 1232 3591 nullo
1252 3535 1324 3592 bouo
1343 3536 1490 3608 adiurante
1509 3540 1565 3612 jam
1578 3546 1704 3614 poteratl
1715 3542 1746 3603 Sl

114 3641 226 3700 natura,
241 3630 285 3687 acri
302 3630 433 3700 uoluntate
445 3627 527 3683 malm
541 3642 604 3683 mac.
621 3625 726 3680 Animus
743 3638 797 3680 esse
813 3633 905 3679 nutura
955 3632 1044 3681 autem
1058 3624 1110 3681 illac
1123 3625 1219 3682 anima
1231 3640 1342 3699 corpora
1354 3629 1501 3701 gerebant,
1516 3641 1543 3689 et
1561 3632 1588 3690 id
1607 3636 1692 3692 oculis
1705 3641 1747 3694 ιι-
1834 3680 1836 3685 ,

111 3724 203 3791 ιιοιιιι,
217 3723 306 3795 peiles
320 3722 397 3776 umor
410 3720 482 3776 uenia
499 3728 667 3791 peccatorum.
688 3717 744 3789 Age
764 3729 845 3780 nuuc,
860 3715 903 3771 ιι·
954 3715 1064 3782 doram:
1078 3732 1139 3789 quac
1153 3717 1267 3790 linquae,
1281 3734 1341 3791 quus
1356 3729 1475 3794 pectora.
1489 3739 1549 3796 qna·
1561 3725 1666 3798 inponis
1688 3730 1747 3786 qap.

112 3813 225 3871 deamru
233 3812 297 3887 quid
308 3826 358 3869 nos
370 3810 429 3867 lraec
436 3810 603 3883 adiuvarent.
611 3808 756 3864 Plurimum
766 3805 903 3874 omnino⁸,
955 3807 1050 3865 dandis
1061 3809 1120 3867 istis
1131 3811 1217 3868 oculis
1237 3813 1465 3888 praednandtsque
1481 3816 1636 3884 rumetum.
1651 3822 1747 3894 quibus

114 3912 145 3965 ul
160 3905 226 3962 nibil
239 3905 353 3978 amplius
366 3902 573 3961 desiderarem
564 3918 572 3933 ·
588 3908 672 3957 totam
685 3900 784 3972 quippe
795 3912 903 3955 causam
953 3900 999 3955 vix
1012 3909 1124 3971 possunt
1135 3911 1240 3959 mentes
1251 3903 1385 3974 iustorum
1397 3904 1550 3979 adaeqmril
1561 3909 1665 3979 Qttanta
1676 3913 1746 3971 bona

114 3997 233 4054 linirent
249 3995 315 4052 llam
330 3993 452 4069 quisquis
472 3989 575 4050 secreta
591 3991 764 4048 conscientian
784 4003 841 4046 sue
863 3988 904 4046 le·
955 3990 1107 4049 invenimus
1128 3992 1156 4048 ln
1176 4009 1283 4052 summo
1301 3997 1390 4055 matut
1406 3998 1435 4056 Sl
1456 3999 1527 4056 onim
1548 4001 1642 4061 ridere
1660 4004 1748 4061 Deum

112 4102 215 4172 pesque
227 4086 331 4143 diurnas
344 4084 451 4156 poribus
467 4092 571 4140 naturae
584 4081 691 4150 inditas,
705 4081 775 4153 apud
786 4093 904 4136 animum
955 4082 1055 4137 nralnm
1068 4090 1119 4148 est,
1135 4092 1243 4141 nonest
1257 4085 1356 4142 bonum
1377 4086 1469 4145 boue.
1483 4089 1581 4146 bonum
1597 4101 1641 4148 est
1655 4103 1745 4151 nutem

114 4180 197 4246 intus,
212 4178 258 4234 nbi
270 4184 451 4247 expressiores
461 4175 643 4245 certioresque
655 4182 726 4242 sunt
740 4170 904 4239 corasulens,
957 4173 1049 4230 licus·
1064 4173 1163 4230 bonum
1176 4176 1402 4248 osthiturlleum
1415 4178 1523 4247 uidere3
1537 4184 1746 4255 etucscioquid

115 4271 164 4326 bas
183 4268 250 4324 duas
272 4267 441 4327 doduitiunes
455 4266 600 4322 uoluntatis
614 4264 807 4337 atquepeccati
826 4277 905 4320 veras
955 4265 1126 4323 bulcbono
1137 4269 1287 4339 comparari
1301 4278 1390 4340 queat.
1406 4270 1491 4326 Porro
1503 4271 1574 4343 quod
1587 4272 1680 4331 ridere
1698 4275 1748 4332 bo-
1795 4334 1803 4350 ,

112 4374 176 4418 esse
188 4356 330 4460 concedito,
348 4363 429 4411 totam
442 4355 646 4411 blanicbaorum
660 4351 783 4410 lrmrc'sim
796 4354 904 4426 pancis-
957 4372 1020 4412 num
1030 4365 1082 4424 est,
1096 4359 1169 4413 unde
1181 4357 1238 4413 nort
1253 4366 1341 4430 potest
1351 4368 1380 4414 ut
1391 4374 1470 4431 posse
1481 4361 1574 4468 uidere
1587 4365 1623 4420 sit
1633 4365 1748 4469 malnml

114 4542 215 4601 culis
193 4556 252 4599 stne
267 4540 319 4596 ulla
334 4538 504 4596 mulctatione
515 4534 687 4593 condemnat.
698 4535 775 4605 Quod
787 4537 827 4592 slc
838 4551 906 4593 con·
958 4537 1089 4596 mentibus
1101 4537 1175 4608 lecit,
1188 4549 1219 4594 ut
1230 4538 1264 4596 ab
1276 4539 1318 4596 bis
1328 4541 1413 4611 possit
1426 4542 1512 4599 rideri
1521 4543 1612 4602 diuina
1624 4546 1750 4603 substan·

108 4635 226 4693 siderari
248 4640 347 4704 potest.
363 4632 422 4687 Duo
435 4627 585 4686 animarum
598 4642 698 4698 genera
718 4640 778 4683 esso
792 4626 903 4696 dicunt,
957 4630 1003 4693 tia.
1017 4644 1141 4703 magnum
1159 4639 1187 4687 ct
1205 4631 1331 4688 ineffabili
1344 4632 1430 4689 -luudc
1449 4633 1635 4707 diguissimam
1647 4639 1749 4696 bonum

115 4745 197 4787 uuum
218 4711 509 4799 botrumqnodlta‘es
523 4722 637 4786 Densis,
653 4729 682 4776 ut
700 4735 756 4776 nou
770 4735 804 4776 ex
818 4720 905 4792 aliqua
957 4719 1029 4776 iecit.
1043 4720 1072 4778 st
1087 4728 1242 4777 autemnon
1259 4720 1433 4788 natumsed
1448 4724 1536 4796 ipsum
1549 4728 1749 4796 personalem

116 4821 226 4878 rnateria
240 4818 282 4874 rel
295 4833 328 4874 ex
342 4816 427 4872 nihilo
439 4815 473 4871 ab
488 4828 521 4870 eo
536 4813 650 4878 lactum,
665 4811 713 4868 sed
730 4810 764 4867 dc
779 4810 835 4881 ipsa
847 4811 906 4881 eius
957 4812 1147 4881 sempiternum
1161 4821 1229 4880 erat,
1239 4811 1348 4870 dimcile
1359 4813 1410 4870 boc
1419 4813 1491 4871 malo
1500 4816 1643 4888 quidquam
1651 4818 1749 4876 mellus

115 4910 224 4968 omnino
236 4909 385 4966 substantia
398 4921 459 4979 pars
473 4904 595 4978 quaedam
609 4903 773 4976 processisse
784 4901 904 4973 dicatum
957 4904 1101 4960 inuenitur.

115 5005 227 5060 alterum
238 5010 329 5058 autem
338 5000 448 5067 malum,
459 4995 530 5069 quod
540 4995 612 5052 nulla
628 5004 860 5066 prorsusexparte
870 4994 905 5052 ad
994 4998 1038 5052 tl.
1050 4997 1198 5064 l’ostremo,
1208 5006 1237 5053 ut
1247 4997 1313 5053 nibil
1323 4995 1420 5053 borum
1431 4998 1623 5055 laudandorum
1634 4999 1750 5058 babeant

114 5095 198 5153 ileum
207 5090 459 5166 pcrtirurecreduut
467 5086 684 5158 credendumque
696 5085 903 5143 commendant:
957 5089 1011 5146 illu
1020 5091 1127 5155 animm,
1138 5104 1198 5161 quaa
1211 5090 1319 5145 illorum
1333 5089 1483 5145 rationibus
1495 5091 1595 5148 laboro
1606 5104 1748 5165 coquntur,

113 5197 142 5244 ct
155 5188 216 5244 idm
229 5186 294 5243 illud
307 5198 442 5243 summum
464 5183 585 5251 bonum,
609 5181 661 5237 boc
681 5195 747 5237 vero
770 5194 904 5236 summurn
957 5195 1104 5253 quarerem
1122 5189 1211 5237 utrum
1231 5180 1333 5251 aliquas
1352 5196 1387 5235 ιιι
1401 5180 1488 5236 nullas
1502 5182 1604 5237 animas
1619 5182 1689 5240 llcus
1702 5183 1750 5241 da·

115 5281 214 5337 malum
229 5292 291 5335 esse
303 5277 471 5349 predicant.
487 5282 568 5348 atque
581 5273 632 5330 ista
644 5273 807 5344 duogcnera
820 5269 904 5327 luisse
989 5336 1072 5387 HM
1075 5344 1340 5400 mmmm
1353 5337 1375 5383 tt
1376 5331 1438 5385 dms
1449 5339 1499 5384 vau
1492 5334 1553 5384 cam
1565 5339 1630 5395 Β,
1639 5346 1749 5397 W„

144 5406 519 5537 tffiffiufdfffiffew
521 5479 582 5518 rem.
601 5462 760 5527 nerbilium,
777 5469 825 5514 etc.
836 5466 902 5520 ιιι..
956 5406 1103 5512 mertuum
1107 5454 1368 5528 ‚lumborum
1720 5524 1730 5535 ,
1761 5497 1776 5547 q

112 5529 744 5656 “”l'ifflimmd‘tiimwffl
988 5518 1235 5641 {distillat
1240 5516 1412 5643 &Qun
1423 5578 1634 5665 immutas
1730 5618 1737 5627 .

146 5660 328 5724 (morenaco,
338 5668 392 5719 cap.
403 5605 442 5715 lb,
453 5651 507 5703 ml
989 5616 1171 5705 (altuenum,
1183 5656 1235 5706 cap.
1248 5640 1355 5691 iliud.

230 5741 343 5819 Sanun.
367 5740 504 5799 Auuusr
525 5732 664 5796 lllll.
1484 5722 1650 5801 (Quone)
