3938 6360
118 403 275 476 prophetico
286 415 313 461 et
323 405 379 462 lieo
389 405 439 461 sibl
451 406 585 476 loquente,
598 403 698 461 otultos
708 413 909 460 exsurrecturos

119 492 262 550 haereticos
276 494 445 550 diuersorum
466 509 588 549 errorum
610 495 750 564 magistros
767 494 909 549 aarersmu

116 582 265 639 doctrinam
280 585 447 656 Christiani
468 601 521 639 nou
543 600 604 640 eum
622 584 758 640 Christum
777 584 909 654 paedica-

116 683 178 728 reut
190 676 235 745 orii
248 690 328 730 rerus
340 684 382 730 cst
392 675 525 731 Christus.
551 674 597 728 ille
610 675 682 729 enim
696 689 776 728 rerus
787 686 847 737 est,
863 673 908 742 arri

116 779 165 833 per
178 765 341 834 prophetias,
357 781 403 836 per
414 765 536 822 eumdem
550 765 657 837 hiopscn
670 772 833 834 caeterosque
847 779 907 819 sarr·

116 863 175 909 etos
196 855 255 926 ejus
273 856 361 926 gentis
380 855 482 921 odias,
503 855 695 925 praenuntiatus
713 864 763 909 est.
780 844 908 923 'erisrpris

116 946 207 1016 itaque
231 948 313 1003 aliurn
341 948 438 1004 docere
466 948 564 1012 uellet,
588 949 673 1018 ipsum
696 945 906 1002 interiloiendnar

117 1038 221 1110 llogses
234 1039 413 1110 praecipiehat.
426 1038 494 1108 Quid
509 1048 597 1094 autem
615 1042 685 1092 uuae
701 1035 772 1091 aliud
790 1036 843 1106 agit
856 1035 905 1089 lin·

117 1147 168 1203 gua
181 1130 326 1197 catholica,
342 1131 394 1187 uisi
408 1141 436 1186 ιιι
454 1131 582 1202 spirituali
601 1129 688 1201 gladio
707 1127 906 1198 utriusquel'e-

116 1221 241 1276 statuenti
262 1221 320 1276 acie
339 1208 471 1276 his'aento
485 1219 781 1276 irrterheiatrturomnes
798 1217 843 1287 qm
858 1230 906 1271 uos

116 1325 131 1363 a
152 1310 206 1364 heo
226 1319 318 1364 nostro
339 1311 431 1365 solunt
448 1317 581 1374 auertere,
601 1308 743 1379 aliquodue
763 1306 906 1377 inlriugere

117 1400 325 1456 arrandatortmri
347 1400 417 1460 lister
436 1416 503 1470 ortos
524 1399 656 1469 precipue
667 1397 739 1452 eadit
753 1397 810 1465 ipe
823 1396 906 1450 biani-

115 1491 216 1559 ehans,
230 1506 290 1547 eorm
305 1492 362 1561 ejas
375 1506 452 1545 error
462 1498 562 1545 asserta
575 1488 654 1559 Legis
663 1497 698 1556 ‚et
713 1486 904 1556 Prophetarum

117 1582 228 1636 reriurte
238 1581 386 1651 perimitur,
398 1580 511 1635 uolentis
523 1595 571 1634 nos
580 1588 700 1634 auertere
710 1593 725 1631 a
736 1578 790 1632 beo
802 1585 903 1639 nostro,

118 1670 172 1725 tteo
182 1670 327 1733 Abraham,
339 1679 366 1724 et
377 1669 459 1734 isaac,
471 1678 498 1723 et
506 1667 599 1736 tneo,
611 1684 690 1739 quem
699 1666 821 1721 Christus
832 1680 906 1719 cotu-

114 1760 243 1825 tuendat;
265 1768 293 1815 et
313 1760 427 1817 solutis
447 1759 590 1830 iulringere
618 1757 739 1813 rnandam
762 1756 857 1826 Legis,
878 1757 903 1810 in

111 1866 226 1922 quorum
251 1851 333 1907 etiam
362 1852 452 1921 ligaris
470 1848 605 1906 Christum
635 1846 820 1918 prophetatam
843 1861 904 1901 esse

112 1944 309 2013 cognosciturus.

148 2034 261 2091 catum
280 2035 375 2090 ttxl'l.
388 2065 424 2076 -
440 2035 497 2091 iam
518 2049 580 2090 rere
602 2034 673 2088 illam
692 2030 903 2103 complexionem

113 2136 204 2180 utrttnt
224 2126 423 2181 obtusissimam
437 2127 445 2158 ¹
461 2124 495 2178 a'n
516 2123 784 2180 fraudulentissimam
803 2121 902 2189 dicam,

73 2248 75 2252 -
114 2215 225 2276 nesciam
248 2214 395 2269 eratenim
421 2214 518 2269 l'attsto
541 2214 702 2284 ingenium:
729 2212 800 2267 tarde
820 2212 903 2282 magis

112 2288 227 2358 arbitror
240 2321 300 2358 rrum
314 2303 437 2359 nebulam
451 2304 561 2373 injicere
572 2304 686 2358 soluisse
696 2304 784 2358 rrrirrns
801 2309 904 2358 adorato

114 2392 216 2459 lectori,
239 2410 318 2464 quam
338 2409 393 2449 uon
414 2394 511 2449 uidisse
529 2394 599 2466 quod
618 2393 705 2448 dicam
718 2395 748 2447 ¹:
764 2394 801 2448 ait
819 2393 902 2460 euim,

114 2485 188 2551 Quod
201 2486 227 2547 si,
236 2485 289 2540 hoee
302 2486 334 2540 de
347 2485 445 2541 Christo
459 2486 560 2539 minime
577 2486 693 2556 scripsit,
707 2494 750 2538 aut
763 2486 815 2539 alio
829 2484 903 2538 dett·

113 2577 162 2641 tis,
183 2586 228 2630 aut
250 2564 321 2631 uuila
342 2586 425 2631 aaut.
449 2576 511 2632 lime
532 2575 759 2646 propositionem
780 2584 832 2643 est,
855 2574 903 2631 sed

111 2679 279 2737 eorrsequens
291 2674 349 2720 erat
369 2674 396 2720 ut
415 2665 568 2721 ostenderet
578 2674 605 2721 et
622 2664 679 2720 hsce
693 2665 843 2721 deChristo
854 2665 904 2720 sni·

112 2758 184 2815 triane
195 2757 293 2827 scripta
307 2771 378 2823 esse,
390 2767 417 2812 et
429 2757 479 2812 alia
491 2756 548 2812 dari
562 2772 614 2812 nou
627 2771 717 2826 posse.
731 2754 800 2810 Nihil
813 2765 902 2810 autem

111 2846 206 2903 horum
222 2836 284 2901 iecit
298 2864 305 2898 ε
321 2847 419 2915 uuiaet
433 2846 490 2901 hac
505 2861 553 2901 nos
569 2846 754 2909 ostendimus,
769 2844 903 2915 utromodo

108 2936 146 2992 de
163 2936 271 2992 Christo
295 2936 380 3006 accipi
405 2936 527 3005 possint,
552 2944 580 2990 ct
603 2935 725 3005 superins
748 2934 798 2987 alia
821 2935 901 2989 mnlta

110 3024 242 3090 dedimus,
256 3041 315 3096 quau
328 3025 379 3079 nisi
393 3025 427 3079 de
436 3023 543 3079 Christo
556 3024 719 3080 intellectum
737 3021 835 3079 hahere
849 3040 902 3078 nnn

112 3117 225 3186 possint.
244 3116 302 3171 Nou
323 3127 366 3171 est
384 3130 447 3186 ergo
466 3129 515 3170 cur
534 3114 687 3174 carreludas.
709 3113 815 3180 Farrste,
831 3113 902 3169 nnlla

110 3222 171 3281 esse
188 3223 204 3261 a
220 3206 311 3279 hlrryse
329 3206 598 3277 seriptadeChristo.
613 3205 728 3261 Attouda
747 3205 819 3260 eninr
838 3204 901 3275 «prid

110 3297 184 3353 dieas
196 3317 202 3351 :
216 3297 290 3363 Quod
301 3298 324 3353 si
334 3299 400 3364 hac,
414 3296 511 3368 ineptiis,
523 3296 626 3351 mirdane
636 3295 668 3349 de
677 3294 778 3350 Christo
790 3294 901 3364 scripsit,

111 3398 156 3443 aut
165 3390 218 3445 alia
228 3389 330 3456 dabitis,
342 3400 385 3443 aut
396 3389 467 3444 nulio
481 3397 562 3442 eruut.
575 3385 673 3442 Verum
684 3385 760 3440 dicis.
776 3384 900 3451 Proinde,

110 3479 171 3548 rpuia
184 3488 210 3536 et
222 3481 279 3536 hsec
292 3481 326 3536 de
338 3479 462 3553 Christo,
475 3477 518 3534 rel
533 3486 642 3549 propter
651 3477 787 3532 Christum
802 3477 901 3546 seripur

110 3569 260 3633 docnimus,
278 3580 305 3626 et
321 3571 371 3626 alia
391 3570 474 3626 molta
492 3568 624 3632 dedimus,
645 3567 839 3636 argnurcutatio
858 3574 900 3619 tua

112 3660 199 3729 potins
210 3662 281 3739 nulla
295 3661 356 3715 erit.
372 3661 404 3715 lit
417 3661 474 3716 haee
483 3658 590 3731 atridem
604 3672 664 3728 quae
673 3655 900 3721 commemorasti,

110 3750 231 3821 quamuis
244 3768 297 3806 non
312 3750 471 3816 obtinueris,
486 3750 579 3807 saltem
591 3757 702 3803 coriatus
715 3762 745 3803 es
759 3747 901 3804 ostendere

110 3856 163 3896 non
177 3856 237 3897 esse
251 3842 348 3913 scripta
369 3840 529 3897 deChristo.
549 3840 624 3907 erod
640 3849 728 3895 antem
748 3836 899 3903 subdidisti,

110 3930 159 3985 dut
171 3931 223 3987 alia
237 3932 346 3999 dabitis,
361 3941 405 3986 aut
419 3933 492 3987 stalla
506 3941 599 3995 munt:
622 3931 697 4002 prius
715 3929 901 3985 demonstrare

108 4020 234 4089 debuisti,
248 4022 299 4077 alia
310 4037 359 4078 nos
369 4023 433 4078 dare
446 4038 498 4077 non
513 4037 602 4092 posse,
615 4032 644 4077 ut
660 4035 771 4079 securus
787 4020 900 4076 iulerres

112 4112 181 4165 nulla
201 4125 270 4167 esse.
287 4110 437 4167 Nouarero
457 4120 582 4182 muqrram
603 4111 706 4167 libellus
725 4119 786 4166 tuus
804 4109 900 4165 surdos

110 4201 246 4257 auditores
256 4202 297 4257 rel
308 4216 394 4257 caseos
404 4202 517 4257 lectores
527 4210 598 4257 esset
608 4201 758 4266 habiturus,
769 4210 799 4256 ut
812 4200 900 4255 nullos

110 4289 261 4345 adverteret
276 4290 338 4359 qtrid
355 4291 573 4359 praetermiseris,
585 4290 724 4346 cucurristi
741 4291 852 4347 dicere:
869 4288 901 4347 Si

110 4382 183 4436 anila
197 4382 306 4448 saeriru,
323 4397 368 4436 uec
381 4380 495 4436 Christus
510 4383 592 4452 potnit
604 4398 746 4437 summare
757 4385 826 4453 good
838 4399 900 4438 uas·

108 4487 185 4543 prtum
203 4480 257 4534 est,·
279 4469 331 4534 ita,
347 4471 369 4526 si
387 4469 503 4526 Christos
524 4470 572 4524 hoc
592 4470 695 4525 mirrime
713 4472 898 4539 numeraverit,

109 4555 249 4633 capitulatus
263 4560 310 4615 hoc
328 4556 421 4634 [oborn
443 4575 496 4614 esse
513 4558 698 4614 constituito
719 4558 852 4615 hominem
871 4574 900 4615 se

110 4654 270 4725 cogitantem
290 4652 431 4717 dictorem,
444 4651 564 4707 etalinm
584 4665 637 4706 uon
656 4650 816 4722 cogitantem
835 4663 901 4706 eon·

111 4742 301 4799 tradietoreuti
326 4742 374 4799 Ubi
397 4750 439 4798 est
461 4756 572 4796 acumen
596 4740 692 4794 turturi
715 4741 756 4794 hu
778 4740 804 4794 iu
828 4740 898 4795 mala

110 4849 188 4891 eausa
212 4851 265 4891 uon
288 4850 381 4908 posses
402 4834 500 4890 aliteri
522 4832 575 4890 Sed
596 4833 665 4889 mala
686 4848 764 4890 eausa
786 4843 812 4890 te
832 4848 899 4890 rana

110 4924 181 4996 loqui
205 4925 292 4996 sarmit
307 4944 314 4981 ε
331 4924 428 4981 oratam
448 4940 512 4980 roro
533 4922 632 4979 habere
651 4937 758 4979 eausam
781 4936 859 4977 rtemo
873 4931 901 4977 te

109 5016 189 5084 cogit.
205 5015 273 5082 buta
288 5015 396 5072 sienim
417 5015 468 5071 alia
482 5013 627 5071 dabimus?
647 5012 728 5070 Certe
743 5013 832 5086 utique
846 5028 899 5069 non

76 5148 84 5155 .
110 5115 189 5162 errant
203 5108 291 5174 nrdia,
304 5107 365 5179 piria
388 5116 467 5163 erunt
487 5106 586 5177 aliqua.
611 5104 680 5161 Etsi
702 5113 780 5162 eruut
798 5102 898 5175 aliqua,

110 5198 196 5270 potuit
206 5197 328 5254 Christus
342 5197 393 5255 hoe
405 5212 559 5253 asseverare
573 5195 644 5266 guod
656 5204 706 5251 est.
723 5194 770 5259 lta,
784 5195 807 5248 si
821 5193 900 5249 chri·

110 5298 167 5345 stns
181 5289 231 5345 hoc
244 5305 400 5347 asseverare
413 5290 515 5361 potuit,
528 5288 672 5360 capitulum
687 5288 752 5344 illud
761 5275 900 5361 ¹crisopoli-

110 5396 171 5436 utrm
186 5379 281 5437 laistim
295 5396 356 5437 esse
374 5397 427 5435 uon
440 5387 555 5437 constat.
571 5378 637 5435 liedi
650 5394 715 5450 ergo
728 5375 762 5434 ad
778 5376 899 5449 proposi·

111 5472 213 5528 tionem
226 5480 308 5538 tuam,
322 5487 374 5542 gua
387 5471 475 5527 dixisti
485 5474 498 5536 ,'
507 5470 557 5525 Ast
575 5470 629 5525 aliu
642 5469 748 5534 metris,
763 5477 809 5523 aut
827 5466 901 5522 nullo

141 5626 151 5658 ¹
169 5630 266 5683 tultae..
276 5620 473 5674 mmdmorua.
484 5628 511 5674 tt
521 5619 789 5686 russmmtmsaupro
796 5619 900 5673 οιιιιιιιι.

141 5688 152 5718 ¹
168 5695 209 5735 ιιιιι
231 5692 256 5736 et
267 5684 344 5734 rader
356 5684 562 5745 anastasiorum,
574 5680 647 5732 dicat

723 260 974 349 trosu'ssxrns
993 288 1152 348 occissus.
1688 306 1754 363 sss

964 416 1055 470 uuum
1077 416 1104 460 et
1118 406 1177 461 ride
1196 423 1249 462 utro
1263 416 1288 463 te
1301 409 1449 466 ostendisse
1464 411 1535 467 nulla
1549 428 1598 469 tros
1611 414 1662 469 alia
1674 414 1753 473 dam·

963 510 1018 548 ros.
1035 494 1100 549 l'ide
1114 496 1195 550 etiam
1210 512 1289 566 guam
1309 498 1391 553 malm
1412 499 1464 553 alia
1477 501 1532 570 jam
1546 515 1625 573 supra
1645 504 1754 561 dederi·

963 601 1032 648 urus,
1047 596 1075 641 ct
1094 587 1157 656 arsid
1178 587 1240 643 hine
1256 588 1412 644 eouheiatnr
1428 590 1556 659 adrerte;
1577 594 1678 650 seilicet
1700 613 1754 653 nou

961 690 1021 731 esse
1042 675 1155 743 laisum,
1177 678 1248 750 qnod
1269 680 1295 734 iu
1315 680 1486 752 Euangelinm
1500 682 1634 739 Christum
1652 686 1754 743 dixisse

961 765 1083 835 legimus,
1100 768 1131 822 Si
1143 769 1275 824 crederetis
1285 770 1379 842 Mopsi,
1392 773 1524 828 crederetis
1538 783 1562 827 et
1576 775 1638 828 mihi
1646 793 1656 841 ,·
1669 777 1701 832 de
1713 795 1753 832 sue

961 856 1026 910 enirn
1039 856 1083 911 ilie
1102 859 1211 928 scripsit.
1228 859 1262 914 Et
1280 860 1416 932 Evangelii
1431 862 1537 933 quidem
1561 873 1615 920 tatu
1629 867 1752 923 eminens

962 957 1003 1003 est
1017 951 1160 1005 auctoritas
1173 960 1200 1005 et
1215 961 1268 1007 tam
1285 952 1390 1008 lrradata
1407 956 1521 1023 veritas,
1538 968 1567 1010 ut
1579 957 1681 1012 etiamsi
1702 975 1751 1016 nos

962 1048 1070 1107 propter
1091 1042 1240 1096 tarditatem
1256 1042 1436 1115 intelligentie
1451 1054 1548 1101 nostre
1562 1047 1631 1102 oolla
1649 1048 1752 1104 inseni-

961 1143 1050 1183 remns
1065 1146 1079 1183 a
1093 1130 1185 1202 lloyse
1204 1133 1300 1200 scripta
1315 1132 1349 1189 de
1362 1134 1488 1199 Christo,
1508 1152 1560 1192 nou
1585 1139 1671 1192 solnm
1690 1155 1751 1195 esso

959 1218 1065 1288 aliqua,
1079 1222 1126 1276 seri
1149 1222 1180 1275 ad
1196 1222 1329 1278 Christmn
1345 1226 1432 1280 onmia
1452 1227 1586 1297 pertinere
1607 1245 1666 1298 ortas
1685 1231 1751 1285 seri-

959 1311 1020 1378 psit,
1037 1313 1098 1381 qttia
1112 1329 1163 1367 nou
1178 1316 1225 1379 ait,
1239 1316 1271 1369 lit
1282 1316 1316 1371 de
1329 1334 1371 1372 me
1385 1318 1509 1389 scripsit;
1525 1320 1582 1382 sed,
1600 1320 1637 1374 be
1651 1339 1689 1376 me
1707 1323 1751 1377 iile

958 1407 1076 1477 scripsit,·
1091 1409 1200 1465 credere
1214 1410 1382 1467 deberemus.
1397 1412 1472 1468 Nune
1484 1423 1572 1468 autem
1587 1414 1637 1471 etsi
1651 1415 1686 1470 de
1698 1417 1750 1472 isto

959 1498 1095 1570 Evangelii
1118 1502 1251 1571 capitulo,
1272 1504 1343 1575 qrrod
1364 1504 1450 1573 absit,
1470 1505 1645 1562 dubitandam
1666 1518 1748 1572 esset,

958 1588 1102 1658 compertis
1117 1597 1170 1645 nm
1187 1593 1276 1647 moltis
1297 1593 1323 1648 iu
1347 1596 1477 1663 scriptura
1492 1596 1574 1666 lloysi
1593 1597 1627 1652 de
1642 1597 1750 1653 Christo

959 1679 1136 1745 testimoniis,
1157 1681 1244 1736 omnis
1266 1683 1311 1738 illa
1324 1681 1454 1739 dubitatio
1468 1685 1605 1741 urtleretur
1621 1702 1627 1738 z
1649 1697 1673 1740 et
1688 1688 1749 1756 qnia

958 1771 992 1826 dc
1006 1773 1123 1841 capitulo
1136 1774 1270 1844 Evangelii
1293 1776 1467 1831 dubitandam
1490 1785 1621 1844 nonest,
1645 1779 1749 1833 etiamsi

958 1861 1001 1917 illa
1021 1873 1156 1934 comperta
1178 1880 1231 1921 uon
1253 1874 1361 1934 essent,
1383 1882 1443 1923 esse
1464 1878 1551 1924 tamen
1570 1869 1644 1925 credi
1670 1885 1749 1940 opor·

958 1959 1035 2007 teret.

993 2042 1105 2099 cartis
1120 2041 1225 2098 xxt'lt.
1237 2073 1271 2084 -
1284 2044 1350 2100 Nam
1364 2045 1429 2100 illud
1441 2045 1512 2117 qrtod
1526 2046 1658 2118 atljttugis,
1674 2048 1749 2103 dissi·

957 2130 1041 2186 utilem
1055 2133 1133 2203 [uisse
1145 2133 1304 2187 traditionem
1314 2131 1408 2191 Christi
1419 2145 1494 2205 elprae
1505 2134 1641 2206 bopseosr
1654 2148 1678 2189 et
1692 2136 1750 2191 ideo

957 2239 1008 2276 nou
1022 2223 1101 2293 [trisse
1114 2224 1263 2289 uerisimile,
1279 2234 1305 2277 ut
1322 2225 1345 2279 si
1364 2226 1492 2279 crederent
1506 2225 1589 2298 llopsi
1597 2268 1605 2289 ,
1621 2228 1750 2282 aederunt

956 2321 979 2365 et
1000 2310 1122 2377 Christo,·
1149 2314 1200 2365 irruo
1222 2314 1286 2366 illud
1309 2316 1393 2385 potius
1413 2330 1467 2368 esse
1490 2326 1707 2388 consequens,.ut
1726 2317 1749 2370 si

956 2402 1030 2457 alteri
1043 2401 1129 2456 dadai
1147 2402 1295 2467 crederent,
1313 2404 1387 2458 alteri
1407 2406 1546 2458 necessaria
1560 2414 1749 2476 repugnarent:

956 2507 1009 2546 uon
1025 2493 1116 2562 utique
1129 2493 1243 2558 diceres,
1258 2495 1280 2549 si
1293 2494 1514 2550 considerationis
1528 2496 1634 2551 oculum
1656 2497 1749 2567 partia·

957 2579 1011 2635 lum
1025 2582 1172 2648 attolleres,
1188 2583 1334 2652 orbemque
1348 2592 1477 2638 terrarum
1494 2584 1553 2639 sine
1570 2585 1750 2641 contentionis

956 2669 1074 2725 cecitate
1088 2671 1259 2740 conspiceres
1271 2672 1297 2726 ia
1312 2671 1463 2728 homiuibus
1474 2672 1561 2729 doctis
1575 2683 1655 2745 atque
1673 2674 1739 2731 iudo

955 2762 1016 2828 ctis,
1032 2760 1133 2818 Graecis
1146 2770 1173 2817 et
1188 2760 1321 2829 lhrrharis,
1335 2763 1499 2833 sapientibus
1511 2773 1538 2819 et
1552 2764 1749 2835 insipientibus,

956 2852 1052 2921 ‹prrilros
1064 2866 1094 2907 se
1107 2851 1256 2908 debitorem
1270 2852 1376 2908 dicebat
1387 2854 1531 2924 Apostolus
1545 2852 1631 2927 (lione
1645 2871 1670 2922 r,
1683 2854 1751 2929 tl),

955 2951 983 2996 et
997 2941 1079 3013 lloysi
1101 2950 1129 2996 et
1142 2941 1248 2997 Christo
1271 2942 1348 2997 simul
1371 2934 1536 2998 credentem:
1559 2943 1588 2998 Si
1609 2959 1673 3015 crgo
1694 2954 1750 3001 nott

956 3039 1013 3085 erat
1034 3030 1177 3086 verisimile
1201 3041 1229 3085 nt
1251 3031 1336 3087 ludaei
1362 3032 1445 3103 hlopsi
1470 3043 1497 3088 ct
1519 3031 1625 3089 Christo
1649 3035 1749 3104 pariter

955 3118 1113 3183 crederent,
1126 3119 1210 3173 multo
1226 3120 1312 3175 mirms
1325 3119 1468 3176 uerisimile
1488 3132 1530 3175 est
1550 3131 1578 3175 nt
1600 3122 1673 3179 orbis
1693 3132 1748 3197 ter·

956 3224 1044 3262 rarum
1064 3208 1146 3279 hlnysi
1168 3218 1193 3263 et
1213 3208 1320 3263 Christo
1340 3211 1441 3279 pariter
1463 3210 1565 3265 credat.
1592 3211 1659 3267 Cnm
1681 3219 1752 3269 reth

957 3298 1094 3352 rideamus
1116 3313 1210 3353 esuries
1232 3309 1325 3369 gentes
1348 3300 1453 3368 utrique
1476 3299 1601 3367 eredere,
1623 3309 1651 3355 ct
1675 3302 1747 3358 titius

956 3386 1122 3457 prophetiam
1144 3402 1206 3441 cum
1222 3388 1363 3458 Evangelio
1378 3388 1456 3456 isitius
1477 3389 1679 3444 corrreuientem
1693 3388 1748 3447 hdo

954 3476 1135 3532 rrrhustissima
1149 3485 1176 3532 et
1196 3476 1371 3533 celeberrima
1386 3478 1520 3544 retinere,
1534 3492 1586 3533 uon
1600 3477 1633 3533 ad
1648 3479 1747 3550 aliquid

955 3567 1118 3639 impossihile
1137 3583 1203 3639 gens
1225 3582 1277 3623 uua
1290 3568 1452 3635 vocabatur,
1474 3558 1535 3623 cum
1557 3568 1582 3622 ci
1600 3568 1745 3636 diceretur,

955 3661 1129 3717 secederem
1143 3659 1247 3732 Mopsi,
1260 3648 1393 3715 credereds
1411 3670 1435 3714 et
1452 3659 1514 3713 mihi
1528 3673 1538 3713 .·
1552 3662 1692 3731 potiusque
1705 3669 1749 3717 est

954 3752 1075 3809 miranda
1088 3760 1115 3808 et
1127 3751 1312 3808 uehementius
1324 3750 1457 3822 arguenda
1472 3750 1568 3806 duritia
1583 3750 1746 3820 ludaeorum,

954 3844 999 3914 qui
1014 3844 1065 3898 hoe
1079 3857 1132 3898 nou
1146 3840 1285 3908 iecerunt,
1307 3840 1378 3912 guod
1403 3849 1486 3895 totum
1507 3839 1635 3896 mnndum
1650 3839 1746 3897 iecisse

953 3932 1142 4003 conspicimus.

988 4041 1101 4098 carba
1113 4040 1232 4097 xxttlt.
1243 4040 1353 4096 -Nsm
1365 4039 1490 4112 quidquid
1501 4039 1569 4095 dieis
1578 4036 1614 4095 de
1622 4039 1745 4108 sabbato,

953 4131 1026 4187 etde
1040 4131 1246 4186 circumcisione
1257 4130 1356 4196 earnis,
1367 4138 1395 4185 et
1407 4129 1441 4185 de
1455 4128 1602 4183 dillerentia
1612 4127 1744 4195 ciborum,

953 4222 1032 4277 aliam
1055 4222 1136 4276 luisse
1158 4220 1327 4276 traditionem
1340 4219 1442 4290 lioysi,
1457 4218 1529 4273 aliud
1549 4216 1744 4287 perChristum
1782 4292 1785 4297 ι

953 4314 1079 4370 didicisse
1104 4313 1290 4377 Christianos;
1307 4311 1363 4381 jam
1384 4326 1463 4381 supra
1482 4308 1648 4365 ostendimus
1670 4309 1743 4379 quia,

952 4404 1022 4462 sieut
1041 4405 1105 4461 dicit
1118 4401 1280 4475 apostolus,
1295 4400 1359 4456 dee
1373 4402 1458 4455 onrrrr‘a
1476 4400 1567 4471 figaroe
1580 4408 1673 4454 uastroe
1686 4402 1746 4471 [sse-

953 4506 1012 4550 runt
1026 4496 1036 4565 l
1045 4494 1052 4548 l
1066 4494 1126 4550 Cor.
1140 4510 1175 4559 x,
1190 4493 1237 4563 li).
1249 4491 1320 4547 ·Noo
1334 4506 1399 4562 ergo
1422 4490 1526 4545 diuersa
1549 4489 1669 4545 doctrina
1690 4499 1744 4554 est,

952 4586 1000 4641 sed
1014 4585 1149 4641 diversum
1172 4593 1288 4652 terrrpus.
1314 4581 1393 4637 tttnd
1414 4581 1486 4636 euim
1508 4589 1585 4646 erat,
1610 4595 1664 4651 guo
1686 4579 1744 4637 haee

952 4675 1092 4747 oportelmt
1110 4689 1159 4745 per
1179 4673 1305 4744 ligurams
1327 4669 1482 4743 prophetias
1503 4669 1694 4740 praenuntiaris
1717 4681 1746 4725 ct

953 4764 1024 4821 aliud
1037 4774 1090 4830 est,
1107 4778 1161 4834 arro
1175 4765 1233 4819 hae
1243 4762 1301 4834 jam
1314 4770 1420 4833 oportet
1433 4775 1481 4832 per
1492 4760 1661 4818 marrilestam
1675 4761 1746 4817 reri-

954 4864 1035 4913 tatem
1060 4855 1244 4924 redditamque
1266 4849 1417 4923 adimpleri.
1441 4850 1494 4908 Sed
1515 4850 1579 4922 quid
1603 4850 1700 4907 mirum
1720 4852 1744 4906 si

952 4947 1036 5003 lud-ei
1051 4946 1192 5002 carnaliter
1206 4944 1383 5017 intelligentes
1398 4944 1548 5012 sabbatum,
1563 4942 1680 5009 Christo,
1695 4944 1741 5013 qui

951 5038 1006 5109 lam
1020 5036 1073 5092 hoe
1087 5034 1262 5107 spiritualiter
1273 5033 1434 5100 insinuabat,
1448 5034 1684 5106 repugnaverunt?
1702 5032 1744 5091 'l'u

954 5125 1083 5199 opuscolo
1104 5124 1251 5194 responde,
1264 5123 1287 5178 si
1301 5135 1393 5196 potes,
1414 5123 1459 5194 qui
1473 5122 1640 5179 messionem
1661 5122 1746 5194 ipsias

953 5216 1006 5273 diei
1019 5215 1141 5271 umhmm
1155 5212 1236 5270 lutari
1249 5227 1309 5269 esse
1322 5222 1435 5269 testatm
1449 5210 1559 5282 (dolam
1573 5227 1608 5280 n,
1622 5213 1673 5280 to,
1686 5211 1744 5282 tt).

953 5305 1006 5363 Sed
1017 5305 1041 5361 si
1054 5304 1093 5360 illi
1103 5303 1258 5359 restiterunt
1266 5301 1385 5368 Christo,
1396 5317 1449 5356 ιιοιι
1462 5301 1642 5374 intelligentes
1651 5317 1744 5359 rerum

954 5395 1105 5459 sabbatum,
1117 5407 1167 5449 ros
1180 5392 1206 5448 ei
1220 5391 1303 5447 nolite
1317 5391 1453 5457 resistere,
1468 5400 1495 5446 et
1506 5390 1645 5463 iutelligite
1654 5405 1744 5446 veram

955 5485 1144 5542 innocentiam.
1159 5480 1226 5537 Nam
1237 5496 1271 5537 eo
1283 5482 1341 5552 ipso
1353 5480 1422 5546 loeo,
1434 5481 1478 5537 uhi
1492 5481 1625 5551 praecipue
1638 5481 1745 5535 destru-

954 5586 1013 5634 etor
1027 5574 1130 5632 setoso
1153 5572 1367 5645 putatnrlesus,
1390 5588 1451 5628 eum
1471 5572 1594 5644 discipuli
1619 5573 1676 5641 eius
1698 5587 1747 5643 per

956 5676 1073 5740 segetem
1089 5672 1258 5721 transeuntes
1273 5671 1301 5719 et
1313 5663 1461 5719 esurientes
1474 5662 1603 5718 uellerent
1617 5662 1705 5733 spicas
1718 5671 1746 5720 et
