3938 6360
226 260 276 318 lif
631 253 769 311 comt
787 248 949 310 FAUSTW
966 248 1192 321 ΙΙᾹΝΙΟΙΙΕΙΙΙΙ,
1211 250 1241 308 S.
1261 251 1446 310 nfiGlls'lel
1811 255 1869 313 ff!
1883 286 1897 305 ,ι

227 384 282 424 nou
294 368 374 440 lungo
386 353 454 423 forte
464 377 587 423 sennune
598 374 690 437 nosne
700 370 850 435 appareret,
861 376 914 416 nort
924 374 1017 431 quem·
1071 359 1094 414 ei
1110 360 1197 430 justas
1210 361 1252 415 uie
1271 362 1356 417 enims
1367 364 1429 431 erit,
1447 370 1562 434 messim
1583 373 1607 420 et
1619 361 1713 434 impius
1730 365 1776 420 edi
1786 383 1869 437 pne·

227 457 369 514 admodum
382 457 452 512 nulla
466 457 544 526 culpa
555 463 598 512 est
610 453 742 521 bominis,
761 453 785 508 si
802 452 884 507 uellet
902 450 953 506 sibi
972 464 1017 504 rc·
1070 449 1131 505 bunt
1143 450 1166 522 (Ι
1177 450 1248 506 Pete.
1262 467 1304 518 ts,
1315 453 1366 517 ΙΙ,
1381 453 1444 524 Ι8)Ι
1458 453 1526 510 iliae
1535 454 1607 510 enim
1621 455 1780 527 intelligitur
1793 472 1867 528 quo·

224 563 307 621 gerare
329 561 488 618 quemquam
509 546 662 609 bominem,
675 544 711 600 ita
724 544 824 600 nuliam
847 543 888 599 vel
906 556 1016 613 paream
1070 539 1150 596 modo
1163 555 1215 597 uon
1231 550 1355 612 parmtur
1368 541 1475 613 impiis,
1491 551 1615 614 nuquam
1637 542 1782 601 mouentis
1794 560 1871 616 prm·

225 654 285 697 esse
298 639 403 710 eulpam
417 654 477 694 eum
490 637 542 695 sibi
561 637 633 693 nuile
645 638 775 709 regnare,
790 635 817 690 ln
836 633 913 705 eujus
932 632 1017 688 sullus
1069 634 1133 690 eisis
1152 634 1185 691 ad
1208 634 1438 703 eumbustieuem3
1459 635 1567 707 quande
1585 636 1664 707 justis
1677 651 1731 693 nun
1743 638 1868 708 parcitur

203 790 206 794 ,
226 744 309 802 regnu
322 737 413 795 reete,
424 728 518 795 beate,
533 741 691 798 semperque
702 725 809 780 vivitur.
1071 733 1179 796 pmpter
1191 725 1379 796 perficiendam
1398 726 1593 796 purgationem.
1613 724 1679 781 liam
1692 735 1720 783 et
1740 727 1799 798 ipse
1812 727 1868 785 Pe·

199 796 219 852 3
260 816 374 874 ctrbr
386 817 446 873 lttt.
456 847 493 859 -
503 816 562 874 iam
581 816 646 872 illud
662 816 803 882 ultimum,
818 812 889 886 quod
903 813 1019 870 Faustus
1071 825 1127 871 ints
1146 824 1258 871 testatur
1270 815 1327 871 bete
1341 814 1413 872 illius
1423 816 1558 873 voluntate
1572 816 1647 883 fleri,
1666 817 1712 886 qui
1729 816 1758 873 in
1772 816 1866 874 Libris

227 907 325 977 posuit,
336 907 465 964 insidians
474 907 610 964 veteribus
625 907 712 962 fibris
724 915 849 977 tanquam
863 905 1017 975 vituperari·
1069 905 1204 962 veteribus
1214 906 1269 975 ait,
1281 906 1340 962 Neu
1352 915 1474 978 paream,
1487 921 1537 963 nee
1549 907 1639 976 iustu,
1651 921 1702 969 nec
1713 909 1864 978 peccatori.

227 998 298 1054 tibus
309 998 406 1068 Deum,
421 998 492 1070 quod
506 999 622 1055 minem·
633 998 769 1070 gladium,
783 1000 837 1068 (ιιι
846 997 945 1052 nemini
956 1010 1018 1067 por·
1071 994 1139 1051 bien
1150 995 1222 1051 enim
1240 1005 1269 1053 et
1286 997 1344 1067 lpse
1357 1013 1365 1051 a
1380 995 1476 1053 Helice
1488 1005 1525 1053 est
1535 998 1596 1052 ime
1614 997 1751 1070 (ιιΙιιιια,
1769 999 1866 1055 tinem

225 1096 279 1154 eat,
294 1102 345 1145 uec
354 1087 438 1159 iusto,
451 1103 501 1144 nec
515 1089 665 1160 peccaturi,
679 1102 741 1144 eum
755 1101 858 1159 pagano
870 1099 1019 1157 exponere·
1070 1082 1182 1156 Spiritus
1195 1084 1259 1150 liei,
1278 1090 1349 1157 pati,
1361 1087 1438 1157 mem
1453 1087 1520 1142 mab
1536 1087 1656 1157 (ιιιίιιιιιι
1667 1085 1724 1161 (fd.
1738 1103 1788 1155 ut,
1803 1090 1864 1160 iii.

226 1186 271 1233 tur
283 1177 419 1250 montedo
429 1178 613 1250 accipiendum
627 1178 672 1243 sit,
683 1177 804 1234 fortassis
816 1190 867 1232 nec
878 1174 953 1231 fibro
967 1188 1017 1230 nec
1069 1171 1136 1228 Cum
1147 1187 1211 1245 ergo
1224 1174 1403 1232 eanoluutate
1411 1175 1525 1247 Spiritm
1539 1176 1586 1232 lici
1593 1177 1731 1248 patiuntur
1743 1177 1813 1235 boae
1821 1177 1866 1234 fa·

227 1267 317 1326 veteri
330 1268 501 1326 Testamenta
519 1270 672 1342 resisteret,
691 1269 771 1339 eique
792 1268 909 1337 placeret
925 1264 1019 1321 simili·
1069 1261 1188 1329 cientes,
1202 1276 1255 1319 non
1266 1263 1488 1334 parciterlustis;
1499 1279 1561 1321 cum
1574 1273 1664 1322 autem
1675 1267 1747 1324 maie
1760 1261 1865 1325 facien·

226 1359 293 1417 todo
306 1360 457 1432 emngelies
470 1374 549 1433 ,que
561 1360 638 1425 istis,
653 1359 699 1431 qui
709 1373 740 1416 se
750 1358 911 1415 christianos
926 1354 1017 1411 baberi
1069 1360 1128 1420 tes,
1144 1366 1196 1407 nun
1210 1353 1327 1422 parcitur
1343 1355 1528 1425 peecatoribus
1541 1372 1548 1410 ι
1565 1353 1713 1412 seeundum
1731 1356 1803 1412 iliius
1820 1364 1865 1413 ta-

226 1449 330 1514 edunt,
342 1457 389 1505 aut
401 1464 454 1505 non
464 1458 574 1520 apparet
583 1458 613 1504 ut
621 1449 710 1513 eneis,
725 1456 772 1503 aut
782 1446 943 1519 displicetut
952 1459 1017 1516 per·
1069 1456 1131 1499 men
1146 1443 1308 1500 veluntatem
1322 1444 1352 1500 lit
1365 1452 1522 1515 utmmuue,
1538 1445 1582 1516 qui
1597 1445 1648 1512 ait,
1659 1445 1717 1500 Non
1732 1461 1865 1517 parcent,

227 1538 324 1595 sessis.
339 1538 465 1596 &toruus
475 1540 574 1611 quippe
596 1539 641 1595 ille
660 1538 721 1594 sitis
733 1537 848 1608 agricola
858 1537 948 1609 (tom.
962 1551 1016 1599 xv,
1069 1546 1120 1587 nee
1129 1533 1210 1603 lustu,
1223 1548 1274 1590 nee
1290 1533 1439 1604 peccatori:
1452 1533 1527 1590 illum
1541 1534 1701 1607 flagellando
1714 1545 1743 1592 ut
1756 1536 1864 1604 libum,

228 1627 263 1701 f)
275 1628 353 1683 aliter
366 1636 442 1698 perat
457 1629 550 1685 falcem
560 1628 703 1684 sumentis
714 1626 873 1694 fructuosis,
888 1626 965 1682 aliter
977 1626 1019 1679 in·
1070 1621 1145 1677 illum
1155 1622 1290 1692 puniendo
1304 1631 1333 1677 ut
1346 1623 1469 1693 impium.

227 1716 371 1774 fructuosis
386 1735 394 1773 ε
409 1728 497 1774 tamen
509 1730 562 1774 omi
576 1719 671 1790 parcit,
682 1731 731 1774 nee
744 1717 846 1788 probis,
861 1731 910 1773 nee
923 1730 1017 1787 repro·
1104 1714 1217 1772 cuent
1228 1713 1300 1770 lilii.
1314 1743 1351 1758 -
1363 1716 1432 1773 seeo
1444 1716 1559 1783 ostendi,
1571 1726 1701 1788 quantum
1716 1720 1800 1789 potui,
1810 1734 1865 1791 rges

227 1809 280 1876 bis;
291 1809 343 1864 illis
356 1809 510 1882 purgandis,
526 1810 578 1866 illis
587 1809 765 1881 amputandis.
781 1809 873 1864 Nullus
886 1806 1018 1864 enimbo·
1070 1819 1123 1861 nen
1144 1806 1234 1862 colere
1249 1814 1384 1863 uersatum
1403 1823 1436 1865 ea
1457 1817 1560 1864 eterno
1574 1809 1601 1864 in
1624 1809 1742 1866 tenebris
1756 1809 1865 1875 ileum

228 1899 329 1955 minum
343 1909 383 1955 est
397 1908 467 1957 tanta
477 1899 579 1970 lustitia
589 1898 734 1970 proditius,
754 1897 796 1954 cui
811 1913 863 1953 nun
875 1898 910 1955 sit
923 1911 1018 1954 neees-
1069 1895 1117 1950 sed
1130 1909 1191 1950 emo
1201 1897 1246 1965 qui
1259 1896 1303 1951 lus
1319 1905 1378 1963 est,
1391 1906 1419 1954 et
1437 1896 1555 1953 tenebre
1567 1898 1595 1954 in
1607 1913 1642 1955 eo
1653 1914 1706 1955 uon
1723 1900 1866 1957 minutim

227 1987 299 2045 tatia
312 1987 423 2044 tenedo
441 1988 634 2055 tribulationis,
650 1988 690 2044 sel
704 1987 737 2042 ad
756 1986 944 2057 perficiendam
954 1980 1018 2054 ,rel
1072 1983 1094 2056 (Ι
1103 1984 1181 2040 deon.
1198 2001 1217 2052 ι,
1230 1984 1271 2058 i),
1280 1994 1361 2058 atque
1375 1987 1401 2043 in
1414 2000 1444 2044 se
1457 1988 1515 2058 ipso
1526 1986 1629 2044 inabitat
1642 1989 1728 2045 lucem
1740 1990 1865 2046 inames·

226 2076 261 2133 ad
279 2077 504 2143 conflrmandam,
518 2078 559 2135 rel
571 2077 606 2133 ad
624 2077 788 2148 probandam
803 2080 927 2132 uirtutem
942 2090 951 2129 ι
966 2075 1018 2131 nisi
1070 2073 1175 2131 sibilem
1189 2075 1212 2147 (Ι
1226 2074 1293 2131 Tim.
1314 2091 1360 2143 rr,
1375 2076 1436 2148 fii),
1459 2077 1536 2148 euius
1556 2079 1623 2134 lueis
1639 2087 1749 2136 eterne
1760 2079 1867 2137 cattder

226 2165 295 2223 forte
313 2181 364 2223 uec
385 2166 496 2223 Paulum
517 2168 561 2223 isti
574 2167 724 2238 apostolum
743 2166 813 2222 luter
824 2168 911 2236 justus
925 2181 1019 2222 neme·
1070 2175 1112 2222 est
1130 2174 1262 2223 eoaetmna
1275 2167 1410 2238 Sapientia
1426 2168 1503 2242 (Sep.
1522 2184 1576 2236 uu,
1597 2168 1654 2243 23).
1669 2169 1725 2226 fiec
1744 2171 1813 2227 lueis
1827 2171 1864 2226 in·

226 2266 304 2325 rant,
318 2257 364 2328 qui
377 2259 498 2330 quamuis
510 2259 646 2314 humiliter
657 2269 685 2314 et
698 2257 886 2314 ueracitersua
905 2266 1017 2328 prmtcr·
1070 2256 1185 2328 opinate
1194 2256 1381 2314 admiratorem
1397 2260 1463 2316 :sod
1479 2259 1548 2315 lucis
1560 2259 1635 2316 fsotae
1647 2272 1817 2329 creatorem,
1834 2271 1865 2318 nt

228 2349 266 2404 ita
294 2357 403 2419 peecata
418 2350 549 2416 fateatur,
565 2357 653 2422 tamen
674 2362 705 2404 se
724 2362 758 2403 es
775 2346 828 2403 tide
842 2345 1017 2402 iesuClrristi
1070 2347 1519 2419 subsistere13approbatorem,ut
1532 2350 1728 2407 maneret.fiee
1740 2350 1866 2421 marom

224 2438 398 2510 Jusnneamm
416 2438 514 2509 gratias
531 2437 586 2508 agit
598 2436 619 2509 (Ι
633 2435 700 2492 Tim.
723 2451 749 2503 ι,
766 2435 821 2507 ts).
836 2436 877 2490 An
893 2449 963 2490 sere
979 2434 1018 2490 illi
1071 2439 1153 2495 futuri
1167 2457 1174 2494 :
1187 2440 1234 2496 sed
1256 2440 1438 2497 enuntiatorem
1463 2442 1605 2513 precepti,
1630 2451 1658 2499 et
1677 2443 1864 2500 damnatorem

228 2527 355 2600 parcebat
371 2529 435 2596 ilie,
456 2543 536 2600 quem
550 2527 610 2583 vani
625 2541 677 2582 oron
692 2526 843 2597 intelligunt
864 2525 1017 2592 dicentem,
1070 2529 1176 2597 delieti;
1198 2539 1228 2586 ut
1240 2529 1370 2588 adversus
1383 2532 1591 2588 inobedientiam
1602 2533 1674 2604 juste
1688 2534 1791 2605 prolata
1808 2536 1866 2590 sin·

227 2615 287 2672 lion
303 2630 420 2691 paream,
435 2631 485 2673 nee
496 2617 586 2688 iusto,
601 2631 651 2672 nec
663 2615 814 2686 peccatori?
828 2615 944 2670 studiant
954 2629 1019 2684 erne
1070 2621 1140 2679 dieta
1155 2633 1300 2692 presentes
1313 2633 1468 2692 coerceret,
1487 2622 1643 2697 futurosque
1663 2611 1785 2682 terreret
1808 2626 1865 2682 fiee

228 2708 315 2779 ipsum
328 2722 337 2766 a
350 2706 384 2762 Ει
397 2723 429 2762 ne
441 2707 624 2780 magnitudine,
635 2707 735 2779 iuquit,
749 2706 926 2761 revolutionum
935 2707 1018 2761 estol·
1071 2711 1247 2785 improvidum
1257 2712 1401 2769 nesciendo
1412 2722 1576 2784 communem
1596 2733 1603 2770 ι
1616 2714 1663 2771 sed
1675 2715 1865 2786 interrogando

228 2798 285 2866 far,
297 2798 372 2852 dulas
381 2807 418 2854 est
427 2797 617 2854 milletimsfns
629 2788 839 2866 emmeramiano
852 2805 964 2863 autenm,
976 2797 1019 2867 pei
1068 2800 1242 2871 judicantem.
1255 2799 1311 2858 fiec
1324 2801 1442 2858 luridum
1456 2817 1488 2859 uc
1500 2803 1637 2860 timentem
1648 2803 1709 2860 :sed
1721 2804 1863 2861 obeterna

228 2904 269 2944 sne
281 2887 421 2961 eoiepbiset
437 2904 447 2943 .·
466 2897 570 2960 propter
586 2888 655 2959 guod
673 2895 710 2943 fer
721 2886 861 2941 Demittunt
872 2887 959 2958 'vetiti'
970 2927 978 2953 s
991 2896 1019 2941 ti
1071 2894 1135 2959 uita,
1150 2894 1290 2965 qumiuste
1303 2893 1437 2950 obedienti
1447 2894 1534 2963 datur,
1549 2896 1781 2966 praevaricatorem
1792 2897 1865 2966 justu

227 2982 338 3052 “ferrei
349 2995 407 3034 illm
419 2995 435 3034 θ
447 2995 497 3046 Μ,
508 2989 531 3034 et
541 2978 605 3033 Μ
617 2978 680 3032 ''¹5¹¹''
690 2993 700 3033 ·'
706 2978 795 3048 ΝΜ
807 2977 852 3031 ‘59¹'
860 2976 943 3049 grette
952 2991 1020 3040 Μ·
1072 2983 1267 3053 prohibentem.
1284 2982 1340 3040 Nee
1360 2984 1495 3054 sanguinis
1514 2992 1543 3040 et
1563 2984 1650 3054 adipis
1669 2991 1864 3056 appetentem:

228 3072 418 3128 mministis
436 3072 585 3142 infirmitate
603 3070 732 3143 perficiem
747 3067 784 3142 (ΙΙ
799 3069 858 3125 Cor.
876 3084 933 3137 ιιι,
952 3067 1018 3139 'idp-
1071 3072 1119 3130 sed
1134 3073 1234 3129 carnali
1249 3073 1347 3146 populu
1360 3074 1485 3144 congruis
1496 3074 1635 3132 sacrificiis
1648 3075 1799 3147 impositis,
1816 3091 1867 3148 per

229 3163 359 3220 &cosnec
374 3163 447 3234 justo
459 3161 602 3235 pureebat,
616 3159 893 3231 ateiusrirtutemin
907 3158 1019 3214 lollrml·
1071 3164 1200 3235 quasdam
1227 3163 1324 3236 dgnras
1350 3179 1442 3221 rerum
1466 3165 1626 3224 sacrificium
1650 3167 1862 3239 promittentem.

227 3261 283 3309 tste
294 3247 444 3325 perderet,
456 3252 501 3323 qul
513 3250 539 3308 ei
549 3250 661 3308 dederat
671 3248 880 3321 eulaplriaanlem
896 3247 1020 3319 angelum
1072 3255 1127 3313 fiee
1138 3256 1219 3312 liuida
1239 3256 1453 3327 perturbatione,
1467 3257 1514 3313 sed
1529 3257 1671 3329 tranquilla
1689 3257 1809 3316 bonitate
1821 3273 1867 3316 te·

104 3330 106 3336 ’
227 3344 519 3418 euinceret-none
537 3343 608 3415 qum
622 3357 684 3401 eon
698 3340 820 3400 annoto
833 3340 946 3398 ueneni.
962 3339 1021 3396 ue-
1072 3344 1188 3414 nmn,
1207 3360 1241 3403 ne
1261 3347 1306 3402 ιιι
1327 3346 1382 3402 uel
1399 3345 1500 3403 oeten
1519 3347 1607 3404 anima
1627 3349 1796 3415 enormen,
1817 3365 1865 3420 per

227 3435 308 3492 buius
331 3450 395 3507 ergo
419 3437 531 3507 agebat,
557 3450 591 3492 oe
616 3425 797 3506 magnitudine
826 3431 1019 3489 reielatiounm
1072 3436 1170 3494 inultus
1185 3435 1267 3492 falsos
1278 3445 1404 3507 corrupta
1416 3447 1444 3493 et
1457 3437 1596 3507 prostituta
1611 3446 1742 3510 turpetur.
1757 3439 1812 3496 fiee
1824 3441 1865 3497 ira

227 3523 327 3580 Paulum
350 3523 536 3591 extolleretur,
559 3532 587 3579 et
605 3532 634 3579 ot
653 3524 738 3579 rinus
757 3522 817 3593 ejus
837 3524 1019 3594 perficeretur.
1072 3527 1146 3583 uelut
1160 3525 1293 3594 bumana,
1309 3527 1415 3583 turbide
1432 3527 1597 3594 sentientem
1616 3528 1664 3584 sed
1676 3529 1727 3584 alia
1738 3529 1829 3586 divina
1842 3530 1864 3597 ¹,

228 3614 294 3683 ortis
304 3613 357 3669 ltec
366 3613 480 3670 dixeritl
489 3614 530 3669 tn
541 3613 588 3670 illo
600 3611 800 3686 igiturtraditus
809 3622 866 3667 erat
876 3612 964 3683 justus
975 3626 1021 3667 cn·
1072 3628 1166 3671 serere
1177 3615 1248 3685 iusta
1260 3601 1468 3684 retribuentem,
1478 3632 1537 3688 qum
1547 3615 1604 3673 'nen
1617 3627 1726 3688 propter
1736 3616 1866 3677 uleiseen·

229 3703 404 3777 lapbieandus
416 3705 512 3775 angelo
527 3711 644 3769 satane,
658 3703 703 3774 qui
717 3718 766 3774 per
777 3718 838 3759 eum
860 3702 981 3758 tradelmt
993 3711 1021 3759 et
1072 3704 1100 3762 di
1120 3704 1276 3774 libidinem,
1296 3705 1343 3762 sed
1364 3717 1473 3777 propter
1490 3705 1627 3778 iudicandi
1648 3708 1767 3779 rigorem
1789 3718 1865 3766 eerto

230 3794 344 3866 injustum
355 3792 405 3865 ipsl
419 3802 519 3849 salutm
533 3811 540 3847 :
555 3791 698 3863 dequibus
710 3791 780 3848 idem
793 3788 868 3858 dicit,
885 3791 955 3859 Quos
966 3800 1021 3845 tra·
1074 3809 1123 3850 usu
1139 3794 1282 3852 lucutionis
1296 3798 1336 3850 lra
1355 3794 1586 3853 contristantium
1605 3794 1721 3854 obieris
1735 3797 1777 3877 rel
1791 3799 1864 3855 nulla

230 3884 286 3940 eidi
296 3894 408 3952 mtonoe,
419 3893 447 3939 ιιι
458 3884 557 3941 discunt
568 3901 618 3939 non
631 3883 805 3954 biuspftemure
815 3882 836 3954 (Ι
845 3882 913 3938 fine.
925 3882 1019 3956 mid).
1072 3882 1216 3942 commissa
1233 3884 1372 3942 hominurn
1386 3886 1468 3943 millia
1488 3884 1663 3958 perimentem
1678 3905 1686 3944 ι
1699 3887 1747 3945 Μ
1764 3890 1864 3962 aquis:

230 3973 327 4034 iamne
340 3966 487 4047 intelligitis
502 3973 636 4046 quomodo
649 3974 693 4029 ilie
705 3973 820 4043 desuper
839 3989 893 4028 nou
911 3982 1019 4044 pmrmt,
1073 3973 1142 4030 simo
1161 3972 1285 4030 examine
1297 3988 1347 4046 per
1361 3976 1521 4047 temporales
1533 3977 1685 4033 mortalium
1698 3985 1799 4035 menes
1812 3980 1864 4034 uti·

229 4064 371 4138 eoeleste,
387 4079 437 4122 nee
450 4064 600 4136 peccatori?
612 4065 652 4119 ln
665 4064 726 4134 quia
742 4063 795 4118 iilic
809 4061 913 4133 gladius
934 4063 1022 4118 nemi·
1073 4064 1175 4121 litatem
1189 4064 1292 4121 timoris
1302 4064 1343 4121 sui
1357 4065 1462 4137 pupulis
1474 4066 1663 4138 imponentem.
1674 4064 1729 4122 ffec
1740 4066 1864 4141 siue'ullo

230 4165 379 4225 natusest,
393 4155 508 4229 amplius
520 4143 725 4213 exhorrescitis?
744 4155 823 4212 silon
836 4143 879 4212 est
890 4155 962 4212 enlm
975 4169 1022 4211 eu·
1073 4152 1177 4212 delectu
1189 4170 1261 4212 emes
1271 4154 1429 4213 confusione
1440 4156 1528 4227 iustus
1536 4150 1864 4230 peecatoresmse'punien·

230 4246 358 4322 laplriaari
370 4290 379 4316 ,
391 4247 463 4304 aliud
475 4247 571 4304 occidi.
586 4246 666 4317 Qunsl
680 4261 745 4305 rere
758 4261 812 4303 uon
824 4246 938 4304 diversis
950 4261 1022 4303 mor-
1073 4254 1128 4303 tem
1143 4245 1212 4305 :scd
1228 4247 1308 4319 iustis
1321 4247 1456 4304 salubrem
1470 4258 1666 4321 eorreptionem
1677 4259 1788 4323 prepter
1800 4265 1864 4323 per·

231 4337 298 4395 tium
311 4338 453 4411 generibus
472 4345 605 4410 prostrata
625 4336 679 4393 sint
694 4331 840 4410 martyrum
854 4337 954 4406 millia,
975 4348 1022 4394 aut
1074 4336 1232 4406 fectionem,
1254 4340 1432 4412 peccantibus
1447 4349 1537 4397 autem
1556 4342 1674 4399 debitam
1695 4343 1865 4402 severitatem

232 4428 285 4485 ltoc
297 4422 389 4486 reuera
408 4438 595 4500 persecutores
615 4429 642 4485 in
657 4437 787 4501 potestate
807 4429 952 4495 baberent,
969 4429 1021 4486 nisi
1075 4441 1182 4503 propter
1195 4431 1347 4504 equitatem
1361 4433 1575 4491 distribuentem.
1586 4432 1664 4491 ilnde
1677 4445 1865 4507 eosapparet,

232 4521 274 4578 eis
285 4519 400 4593 desuper
408 4520 469 4577 data
482 4530 554 4578 esset
566 4521 601 4577 ab
613 4520 659 4576 ifle
668 4521 712 4593 qui
724 4521 808 4588 dixit,
823 4521 882 4577 fiun
896 4536 1019 4594 paream,
1074 4521 1226 4586 stanneum,
1239 4521 1435 4595 suspicionibus
1456 4524 1552 4582 uestris
1564 4539 1625 4582 esse
1635 4525 1764 4598 deeeptus
1774 4517 1791 4596 ,’
1804 4543 1865 4585 eunt

231 4627 283 4669 uec
293 4612 383 4683 iusto,
394 4627 443 4668 nee
456 4613 586 4683 meaturi
599 4629 607 4680 ;
629 4627 690 4668 eum
713 4613 770 4684 ipse
782 4613 909 4669 Domitius
921 4623 1022 4686 marty·
1074 4613 1143 4670 male
1157 4614 1329 4687 intelligendo
1339 4614 1490 4687 Scripturas
1501 4625 1617 4683 ttonras,
1630 4616 1673 4674 eei
1686 4618 1772 4675 malos
1784 4617 1867 4675 iutel-

233 4716 300 4766 rttnt,
314 4700 357 4757 eni
371 4699 461 4755 nibet
476 4702 580 4773 proprio
590 4718 640 4756 nen
653 4702 764 4774 pepercit
778 4701 865 4774 (Rem.
879 4717 943 4770 vrit,
956 4701 1020 4774 33),
1074 4702 1188 4760 leemres
1199 4696 1378 4776 experiendo,
1392 4705 1457 4764 nisa
1475 4706 1510 4763 de
1521 4705 1666 4763 Catholicis
1685 4706 1815 4776 creditis3
1836 4724 1868 4768 ac

231 4780 401 4862 apertissime
415 4788 500 4845 f‘ilato
514 4788 595 4857 dieat,
612 4786 673 4862 fico
695 4789 798 4845 inuberes
818 4790 846 4846 in
858 4807 899 4846 me
911 4800 1023 4861 petesm·
1074 4794 1114 4852 sie
1125 4795 1219 4853 relicta
1233 4810 1297 4852 sana
1310 4794 1448 4866 doctriua,
1459 4797 1582 4855 conuersi
1596 4798 1629 4854 ad
1642 4797 1785 4870 sacrilegas
1796 4798 1869 4855 falm-

231 4890 293 4947 teet,
308 4881 357 4959 niti
376 4881 438 4935 duta
456 4879 501 4936 tibi
512 4888 576 4936 esses
588 4879 698 4953 desuper
711 4879 801 4948 (foen.
817 4897 863 4938 ιιι
874 4878 955 4953 ,ἸΙ).
970 4882 1023 4938 llas
1074 4884 1125 4951 las,
1138 4885 1300 4958 nimiumqne
1310 4886 1429 4957 perversi
1440 4882 1587 4944 et'alieuati
1597 4902 1613 4944 a
1623 4888 1751 4946 sociosne
1762 4899 1869 4946 saneto-

232 4964 372 5043 pressuras
385 4971 639 5041 persecutionesque
649 4959 781 5040 iuniorum
794 4969 859 5026 dicit
872 4970 1024 5029 ideml‘au·
1075 4989 1154 5041 rrum,
1176 4990 1227 5032 nec
1245 4991 1279 5032 ex
1292 4973 1367 5032 Nero
1380 4974 1553 5034 Testamento
1563 4977 1661 5052 eorrigl
1680 4978 1777 5046 vultis,
1797 4977 1870 5034 unde

111 5072 117 5078 ·
231 5062 274 5118 lus
285 5050 438 5132 exemplum
460 5075 521 5118 esse
541 5059 633 5132 judieii
649 5059 696 5116 liei
710 5058 744 5134 (ΙΙ
756 5059 845 5116 fies.
868 5075 891 5127 t,
904 5060 945 5135 5).
959 5060 1024 5131 Qum
1071 5065 1138 5123 ,talia
1151 5065 1328 5145 proferimus,
1340 5065 1429 5138 qualia
1449 5067 1477 5123 ln
1490 5066 1587 5126 Vetere
1605 5068 1728 5140 arguitis.
1749 5066 1826 5126 Unde
1841 5066 1871 5123 fit

232 5149 365 5208 warenna
375 5150 455 5206 latins
467 5151 502 5207 ab
511 5150 633 5222 apostolo
644 5149 723 5207 Petro
736 5150 934 5235 manifestatur,
955 5153 1025 5210 sieut
1077 5165 1107 5211 ot
1119 5152 1247 5214 aduersus
1265 5170 1330 5220 ros,
1345 5154 1414 5212 sicut
1427 5156 1558 5215 aduersus
1576 5152 1714 5232 Pagades,
1728 5166 1871 5230 utriunque
1926 5226 1930 5235 ¹

232 5254 313 5312 snpra
322 5234 539 5310 commemorari,
552 5241 597 5298 ubi
610 5242 664 5310 ait,
678 5252 775 5322 tempus
791 5240 852 5301 esse
864 5244 1025 5316 utjudiriam
1076 5246 1275 5325 immanentem
1288 5243 1432 5303 defendere
1451 5249 1654 5319 compellamur.

232 5330 366 5403 recipietur
379 5331 455 5407 denuo
465 5330 578 5390 bomini.
591 5332 625 5389 fit
634 5334 656 5391 si
665 5334 784 5405 initium,
799 5327 928 5407 lnquit,'u
941 5328 1024 5406 neme,
1112 5334 1225 5392 curm
1239 5335 1323 5392 xttll.
1337 5335 1433 5394 -Sed
1448 5337 1528 5395 facite
1547 5338 1670 5411 aliquem,
1677 5351 1788 5411 promus
1804 5351 1869 5394 etr·

232 5423 317 5497 petiis
329 5423 551 5497 finiseiteisqsi
565 5442 616 5481 nen
631 5424 796 5482 credentfiei
812 5425 974 5499 Evangelio!
991 5426 1026 5483 Et
1078 5427 1173 5484 naliter
1185 5425 1221 5482 ita
1233 5427 1425 5500 desipientem,
1447 5438 1477 5486 ιιι
1490 5429 1575 5485 Deum
1598 5429 1677 5498 eolat,
1693 5444 1747 5487 nen
1762 5426 1871 5503 eodem

266 5554 275 5586 ¹
292 5553 499 5622 immnerito.
512 5561 549 5607 ta.
562 5562 665 5618 etms,
677 5555 719 5620 nti
737 5555 805 5609 ridie.
826 5530 975 5623 castigamur
992 5573 1025 5611 ex

231 5617 279 5664 Ιιι
1111 5623 1120 5654 ¹
1137 5618 1245 5673 numdi
1261 5628 1314 5674 tiss.
1326 5623 1449 5687 omittunt,
1466 5620 1515 5676 nie
1525 5623 1615 5679 dir-me.
1635 5690 1639 5699 Ι
