3938 6360
162 258 216 315 939

164 382 219 440 r'ttat
232 382 300 454 apud
317 377 468 449 ,lpaslnlum
482 374 524 443 qui
540 372 603 426 dicit
615 413 621 431 ,
639 369 747 423 Nescitis
759 367 817 437 qnia
830 364 950 433 templum

156 473 302 530 Deiectio?
316 469 460 536 Statimque
473 464 586 533 subjicit,
610 459 641 515 Et
657 460 768 528 Spiritus
789 456 836 510 tta·
857 455 951 506 trutinat

165 569 192 621 in
202 567 269 620 eolis
283 564 302 633 (Ι
317 560 375 615 (ἴοι.
395 575 443 624 ιιι,
459 557 513 627 to).
530 556 600 610 licus
612 554 682 608 enim
699 550 798 605 inabitat
812 549 837 602 iu
853 544 950 613 templu

165 670 222 710 suo
237 653 293 708 Neu
304 651 374 706 enim
390 658 512 718 tanquam
527 645 646 700 ntinister
661 642 761 696 ltatritat
776 638 888 708 Spiritus
905 634 950 687 tlei
979 692 983 701 ¹

166 747 191 799 in
206 742 303 811 templu
317 741 374 806 Ilei,
385 754 445 793 cunt
460 739 512 792 atio
524 735 583 790 leco
597 732 743 789 evidentius
756 730 824 784 dicat
838 745 844 781 :
863 725 951 779 Nesci·

164 837 196 887 tia
216 834 274 903 qnia
291 845 398 899 corpora
416 836 495 881 restra
510 825 631 894 ternplum
651 823 676 875 in
696 821 764 874 valis
782 826 818 872 cst
840 816 952 884 Spiritus

167 915 257 980 acrtrcti,
275 928 348 981 auant
362 910 456 964 lrnlrctis
469 925 485 961 a
496 906 567 971 oea,
582 914 605 960 et
619 920 668 959 nan
681 903 738 957 estis
750 900 846 955 rertci?
867 895 953 966 Enrpti

158 1006 230 1058 euim
251 1003 309 1058 estis
333 1001 413 1071 prelio
434 1011 550 1068 empne:
572 995 711 1065 plerificute
729 1007 788 1061 erpa
802 990 809 1022 ¹
825 989 906 1043 Dcttm
926 987 952 1039 in

115 1142 124 1151 .
165 1107 270 1161 corpore
292 1099 372 1145 restra
385 1088 394 1158 (
409 1086 452 1140 ld.
473 1102 509 1151 rt,
533 1085 578 1148 tll,
591 1084 638 1152 iti)
667 1081 734 1147 Quid
751 1090 792 1134 cst
805 1087 892 1133 antem
908 1090 952 1128 sa-

164 1184 283 1252 pientia,
298 1178 347 1234 nisi
362 1178 451 1231 lumen
470 1176 605 1246 spirituale
621 1181 649 1227 et
661 1165 893 1225 ineomrnntalrilel
906 1165 954 1219 Est

165 1272 236 1327 enim
251 1276 277 1325 ct
289 1268 331 1323 sol
345 1267 394 1322 iste
409 1267 514 1331 tumen,
529 1262 574 1318 secl
596 1261 735 1331 corporale
756 1267 813 1321 est;
828 1264 854 1311 et
874 1254 953 1323 spiri·

166 1362 245 1417 tualis
265 1367 384 1415 creatura
405 1359 504 1419 tumen,
517 1354 563 1411 sed
585 1368 637 1408 nen
653 1348 878 1406 incatumntatrile.
899 1346 953 1400 La-

166 1467 228 1508 meu
239 1464 302 1521 ergo
317 1449 410 1513 Pater,
426 1447 516 1501 tumen
530 1444 632 1509 Filius,
653 1442 741 1497 tumen
762 1439 877 1508 Spiritus
891 1451 954 1491 san·

167 1551 243 1600 ctas:
255 1539 334 1598 simul
347 1548 435 1593 autern
448 1551 500 1591 non
518 1536 566 1590 tria
579 1534 688 1597 lumina,
702 1531 748 1586 sed
759 1544 840 1585 uuum
855 1527 953 1582 lumen.

166 1633 202 1689 Et
224 1630 284 1686 ideo
298 1627 427 1698 sapietuia
449 1627 538 1691 Pater,
561 1622 690 1693 sapientia
710 1620 804 1684 Filius,
827 1617 954 1686 sapientia

163 1721 278 1792 Spiritus
290 1728 413 1783 sanctus,
428 1726 455 1771 et
465 1715 541 1771 sintnl
555 1729 607 1768 uon
619 1723 673 1768 tres
684 1711 830 1781 sapienti-c,
843 1707 890 1764 sed
904 1722 955 1762 una

169 1810 298 1881 sapientia
315 1825 321 1861 ε
337 1816 366 1862 et
377 1808 437 1877 prtia
453 1806 503 1860 true
515 1812 555 1859 est
571 1803 605 1857 ilri
620 1816 680 1858 esse
698 1800 768 1870 quod
781 1814 890 1869 sapere,
905 1812 955 1853 uua

168 1900 283 1955 essentia
296 1899 410 1955 Pateret
423 1896 506 1950 Filius
519 1902 545 1948 ct
561 1892 674 1964 Spiritus
685 1901 801 1945 sanetus.
821 1889 875 1944 Nec
884 1889 955 1943 atiud

168 1997 209 2043 est
228 1987 263 2043 tn
277 2002 336 2047 esse
350 2000 427 2055 quarn
447 1983 529 2038 tlentu
540 1997 599 2038 esso
614 1999 621 2036 ε
637 1994 705 2036 nnus
718 1988 781 2050 ergo
796 1980 865 2035 [lens
880 1979 957 2033 Pater

167 2087 195 2135 ct
208 2079 291 2137 Filius
302 2089 329 2135 et
342 2077 456 2148 Spiritus
469 2083 585 2132 sanctus.

203 2171 316 2228 CAPUT
332 2170 375 2226 Ν.
387 2200 423 2210 -
438 2171 466 2224 i.
488 2169 544 2237 Qua
558 2168 701 2222 trecerritate
716 2164 860 2221 Greci'trcs
874 2165 957 2233 lippa·

166 2273 245 2318 aleses
255 2262 367 2317 dixerint
381 2279 390 2327 ,·
402 2260 497 2326 Latini,
517 2271 566 2315 tres
578 2276 706 2331 pertonat.
723 2259 857 2328 Scriptura
870 2255 958 2310 utrilili

166 2354 228 2406 dicit
249 2362 298 2407 trcr
315 2368 433 2422 personas
454 2352 482 2405 in
501 2349 565 2405 Dec.
586 2350 676 2420 ltaque
698 2348 820 2418 loquendi
830 2362 911 2402 eausa
924 2345 958 2400 de

168 2443 353 2508 irtellabililras,
379 2451 407 2496 ιιι
428 2442 477 2497 lari
500 2441 589 2511 aliqua
617 2440 696 2496 ntndo
720 2454 867 2509 possemus,
887 2437 958 2509 tptod

168 2532 242 2586 ellari
266 2532 339 2586 nulle
363 2531 443 2587 modo
467 2546 616 2600 possumus,
638 2530 738 2585 dictum
757 2538 798 2584 e-t
820 2544 835 2583 a
861 2526 959 2584 nostris

169 2621 271 2678 Grecis
288 2637 339 2675 una
354 2622 483 2685 essentia,
499 2629 553 2674 tres
566 2620 721 2674 sumentia
742 2635 749 2672 ι
767 2633 781 2673 a
797 2619 896 2672 tratirris
910 2633 959 2672 an·

171 2724 234 2780 tent,
248 2728 299 2768 nna
314 2715 428 2768 essentia
448 2712 489 2767 rel
501 2711 657 2775 substantia,
669 2719 725 2765 tres
736 2724 869 2780 persensa,
887 2709 957 2779 tpria,

170 2809 238 2861 sicut
249 2807 304 2876 jam
325 2805 450 2869 diximus,
465 2819 518 2858 nun
535 2804 612 2857 aliter
632 2803 658 2856 in
676 2817 798 2857 sermone
818 2810 918 2866 nostro,
934 2801 959 2855 id

162 2905 220 2961 eat,
241 2896 332 2960 latinu,
355 2896 470 2950 essentia
493 2910 572 2964 qnam
593 2893 737 2947 snlrstautia
762 2894 831 2947 salet
852 2894 958 2962 intelligi

170 2988 240 3058 (Lib.
263 2989 291 3056 5,
314 3004 390 3057 capp.
411 2986 438 3052 2,
454 2987 493 3053 8).
521 2987 552 3040 lit
565 2985 628 3040 dnm
644 2984 802 3054 intelligatur
825 2985 916 3039 saltatu
933 2985 959 3038 in

169 3081 309 3150 stertipmatc
327 3077 396 3150 nrrtrd
417 3077 522 3142 dieitur,
537 3075 638 3146 placuit
657 3076 692 3129 ita
711 3074 773 3140 dici,
789 3084 817 3129 nt
829 3074 961 3129 diceretur

169 3170 268 3241 aliquid
281 3185 341 3224 eunt
356 3177 518 3240 qtrarerctur
532 3167 593 3237 quid
610 3166 658 3221 triu
676 3167 739 3231 siut,
759 3181 818 3236 qrrar
837 3165 886 3219 tria
901 3179 960 3221 esse

171 3264 238 3319 lidos
254 3278 315 3318 scra
331 3261 502 3331 prenuntiat,
522 3275 582 3313 curn
597 3266 624 3313 el
638 3258 743 3312 Putrem
759 3272 811 3311 unu
825 3256 888 3310 dicit
901 3269 961 3311 esse

173 3354 279 3420 Filium,
295 3363 322 3409 ct
343 3352 470 3422 Spiritum
493 3361 614 3406 sanetum
637 3349 708 3420 quud
731 3358 772 3403 est
791 3348 889 3402 dunum
914 3347 959 3403 Dei

172 3460 223 3500 nee
237 3445 340 3499 Patrem
354 3443 417 3497 dicit
427 3457 486 3497 esse
499 3456 548 3496 noc
560 3441 666 3496 Filium.
680 3440 746 3495 Cum
757 3454 820 3509 ergo
833 3440 962 3509 queritur

171 3534 234 3606 qnid
253 3543 270 3588 ιι
278 3534 311 3599 ia,
325 3533 365 3587 ret
378 3533 440 3603 quid
454 3543 518 3598 tres,
538 3531 698 3586 entrlerirnns
713 3544 761 3584 nos
775 3530 808 3585 ad
826 3530 962 3584 invenien-

171 3626 235 3681 dum
250 3625 357 3695 aliqnnd
373 3624 489 3693 speciale
504 3625 544 3677 rel
557 3622 682 3692 generale
700 3639 807 3687 nnnren,
823 3639 875 3692 qua
888 3638 962 3678 coru·

174 3717 320 3784 plectamur
331 3713 395 3768 ltoec
410 3714 469 3778 tria,
489 3728 577 3782 neque
591 3714 705 3768 occurrit
719 3714 826 3779 auimo,
843 3716 902 3784 qnia
915 3730 962 3770 er-

172 3805 243 3861 eedit
256 3803 478 3874 supereminentia
493 3803 640 3858 diriuitutis
655 3804 743 3858 usitati
762 3805 860 3874 eloquii
878 3805 961 3860 lacul-

173 3905 265 3951 tntem.
288 3896 382 3952 Verius
396 3895 467 3950 enirn
480 3895 610 3964 cogitatur
631 3895 701 3951 [leus
719 3911 797 3966 qnam
815 3896 921 3962 dicitur,
935 3907 963 3953 et

173 3988 261 4042 rcrins
278 3995 322 4041 est
342 4002 421 4057 quarn
440 3988 582 4056 cogitatur.
604 3986 670 4042 Cum
690 3988 760 4042 enim
782 3988 895 4045 dicimus
909 4006 961 4045 nun

172 4076 295 4133 eumdem
316 4090 375 4132 esse
400 4074 482 4132 Jacob
509 4077 554 4147 qni
578 4085 620 4133 est
645 4077 788 4143 Abraham,
809 4080 881 4137 lsaae
913 4098 962 4136 au-

172 4179 225 4225 tem
241 4184 290 4224 nec
310 4167 443 4223 auratam
460 4182 520 4223 esse
543 4183 591 4223 nec
605 4167 698 4235 Jacob,
719 4179 773 4225 tres
792 4186 852 4227 esse
872 4173 962 4243 ntique

172 4262 295 4326 latemur,
310 4258 452 4323 Abraham,
465 4257 539 4313 isaac
552 4268 579 4313 et
593 4258 685 4315 lacuit.
699 4260 750 4316 Sed
762 4277 822 4316 cnm
835 4264 963 4333 qttaritur

172 4352 234 4423 qnid
249 4362 313 4415 tres,
327 4352 519 4423 respondemus
529 4360 583 4407 tres
593 4351 724 4415 trorrtines,
736 4340 844 4409 nantino
855 4355 962 4424 speciali

172 4455 221 4497 eas
233 4442 367 4512 pluraliter
377 4441 554 4510 appellantes;
567 4442 684 4511 generati
698 4452 797 4510 autem,
810 4445 832 4498 si
845 4444 963 4500 dieamus

176 4533 226 4587 tria
242 4531 385 4587 animalia:
401 4530 482 4586 ltomo
495 4531 576 4596 enirn,
590 4531 660 4587 sicat
676 4541 780 4589 veteres
790 4533 961 4600 definiemus

174 4622 271 4680 animal
289 4632 331 4679 est
352 4623 491 4690 rationale,
512 4623 625 4678 mortale
648 4631 718 4679 :ant
732 4624 801 4680 sicut
821 4625 964 4697 Scripturas

173 4723 271 4771 nostre
285 4713 355 4784 toqui
368 4713 465 4780 soient,
475 4721 528 4769 tres
536 4714 648 4780 animas,
661 4729 721 4769 cnm
735 4730 751 4769 a
766 4725 840 4784 parte
854 4718 964 4773 trrelinre

173 4815 257 4860 tntum
276 4803 403 4875 appellari
417 4804 511 4873 placet,
527 4803 553 4859 id
567 4813 618 4872 est,
629 4804 663 4860 alt
677 4806 774 4872 anima,
790 4815 922 4877 etcorpus
937 4819 964 4863 et

173 4897 300 4960 animaru,
320 4894 391 4966 quod
405 4902 447 4948 est
461 4903 530 4949 totus
552 4895 632 4949 ltotuo
644 4896 666 4949 ¹.
688 4894 726 4950 lta
744 4896 842 4966 qnippe
862 4898 963 4955 dietum

175 4997 215 5041 nst
234 4987 260 5041 in
273 4986 417 5057 AEgyptnm
432 4984 602 5041 descendisse
623 5001 684 5042 curu
698 4986 781 5042 Jacob
801 4989 903 5043 animas
921 5005 964 5045 se·

176 5075 308 5144 ptnagium
320 5075 446 5144 utrinque,
463 5089 511 5143 pre
526 5082 562 5128 tnt
580 5074 730 5130 homiuibus
742 5074 816 5147 (Gen.
832 5094 902 5144 sert,
917 5078 961 5141 et,

175 5175 198 5218 ct
215 5164 288 5219 licat.
303 5180 329 5231 r,
343 5164 401 5234 Ἠ).
426 5164 491 5218 ltem
504 5180 564 5219 cnut
582 5166 694 5220 dicittrus
707 5183 804 5236 equum
824 5179 895 5223 urum
910 5186 962 5226 nou

174 5272 236 5311 cnm
256 5271 315 5311 esse
334 5257 379 5326 utri
401 5271 476 5311 mens
488 5265 540 5321 est,
560 5267 586 5312 et
606 5259 710 5312 tertium
724 5260 835 5329 alicujus
855 5263 964 5318 alterius

176 5364 223 5403 ure
236 5363 325 5403 meare
341 5361 400 5403 esse
413 5361 463 5401 nec
481 5357 564 5413 tuam,
586 5346 700 5405 latemur
712 5357 766 5405 tres
785 5365 863 5406 esse:
880 5364 906 5407 et
925 5355 963 5409 iu·

207 5505 214 5533 ¹
227 5503 286 5552 ratiti
293 5502 383 5553 addunt
391 5502 439 5562 tric,
451 5508 473 5553 et
485 5508 593 5566 pectam,
603 5506 666 5569 quod
678 5506 749 5558 abest
761 5520 775 5556 a
785 5513 838 5557 ttss.

178 5564 264 5674 '⁸⁰:¹3
285 5564 358 5673 sript
380 5572 438 5613 t‘en.
457 5571 528 5626 ten,
550 5579 606 5615 cam
623 5581 710 5631 corpur
726 5576 749 5620 ct
764 5569 845 5620 anana
861 5569 892 5621 cit
903 5577 965 5624 teitu

725 238 769 294 nte
789 232 982 296 tutantes,
1001 232 1029 287 S.
1052 231 1232 288 AUGUSTth
1444 256 1448 263 -
1776 226 1816 283 pu

1008 363 1148 430 lerrnganti
1160 362 1220 432 quid
1235 371 1297 425 tres,
1313 359 1510 430 respondemus
1527 368 1594 414 tres
1608 370 1704 427 eques
1724 356 1817 413 nunciate

1004 453 1121 519 speciali,
1136 452 1250 521 generati
1261 461 1348 506 antam
1364 452 1412 506 tria
1426 450 1578 504 anintalia.
1598 449 1673 503 tuna
1688 460 1752 501 eunt
1763 447 1818 502 ttici·

1005 558 1064 597 mns
1079 543 1172 598 lrnrenr
1189 558 1240 596 nun
1256 557 1316 598 csse
1329 557 1436 612 ciprum,
1452 556 1559 597 eancnr
1575 554 1652 595 rere
1668 552 1722 592 nee
1735 538 1816 593 narra

1005 649 1064 689 esse
1085 649 1133 689 nce
1155 649 1261 704 rutrum,
1284 634 1333 688 tria
1358 632 1481 704 quendam
1494 632 1625 687 dicimus
1643 648 1651 683 ε
1670 637 1702 685 ct
1717 643 1817 697 pereas·

1006 724 1121 778 tautilrns
1140 723 1201 794 qtritl
1217 724 1276 791 tria,
1292 738 1344 777 nen
1364 725 1419 793 janr
1432 721 1553 793 speciali
1571 720 1699 776 nomine
1718 719 1819 775 dictarat

1006 824 1061 869 tres
1074 828 1167 883 curres,
1187 823 1232 867 aut
1245 820 1298 866 tres
1310 813 1401 878 lieres,
1424 821 1471 867 ant
1488 821 1549 868 tres
1564 825 1672 876 canes,
1693 811 1758 880 qrtia
1775 825 1818 865 tttttt

1006 902 1098 956 cadem
1122 903 1212 973 specie
1225 903 1410 966 continentur:
1429 902 1478 957 scd
1493 901 1643 972 generali,
1658 901 1713 957 tria
1729 901 1818 957 anine-

1006 993 1057 1057 lia;
1073 994 1129 1048 sirc
1141 994 1277 1062 superiore
1288 1007 1386 1064 genere
1399 1033 1406 1060 ,
1422 1003 1478 1049 tres
1495 992 1704 1056 snbstantias,
1722 992 1764 1047 rel
1776 1002 1820 1045 trat

1005 1090 1150 1147 creaturae,
1170 1082 1211 1136 ret
1230 1091 1285 1137 tres
1298 1091 1414 1137 natrrras.
1431 1084 1634 1153 Quacumque
1657 1080 1819 1151 cntempla-

1007 1172 1054 1226 rati
1064 1186 1175 1227 numere
1187 1172 1358 1227 enuntiantur
1367 1171 1522 1241 specialiter
1535 1186 1598 1227 ttuo
1608 1171 1743 1237 nomine,
1751 1171 1818 1225 etiae

1006 1262 1166 1332 generaliter
1192 1261 1323 1317 enuntiari
1357 1269 1468 1332 possunt
1503 1277 1566 1316 una
1604 1260 1740 1317 nornine.
1769 1259 1819 1315 tter

1007 1361 1094 1406 antem
1112 1352 1201 1407 orttnia
1216 1367 1274 1421 qne
1293 1349 1452 1422 generaliter
1472 1351 1593 1407 nomine
1613 1365 1679 1407 uno
1694 1351 1821 1423 appellan-

1008 1453 1068 1511 tur,
1084 1445 1162 1499 etiam
1186 1445 1336 1514 specialiter
1350 1444 1485 1514 appellare
1505 1460 1567 1499 uno
1583 1443 1712 1500 nomine
1734 1457 1819 1515 passa

1007 1550 1078 1589 mus.
1089 1535 1153 1589 Naar
1168 1544 1222 1590 tres
1234 1550 1327 1606 curros,
1338 1534 1408 1605 qnod
1419 1543 1462 1590 est
1474 1548 1580 1589 numen
1592 1533 1738 1604 speciale,
1750 1531 1821 1589 edan

1008 1626 1129 1681 anitnalia
1152 1626 1200 1681 tria
1214 1626 1325 1681 dicimus
1341 1644 1348 1681 :
1371 1640 1468 1695 etpnrtm
1483 1639 1556 1682 rere
1568 1635 1599 1682 et
1614 1626 1726 1682 berem
1742 1633 1771 1682 el
1785 1639 1823 1681 ca·

1008 1730 1087 1784 netu,
1108 1717 1231 1771 atrimalia
1252 1718 1301 1772 tria
1325 1726 1426 1772 tautum
1444 1716 1564 1773 dicimus
1581 1717 1629 1772 rel
1648 1717 1823 1781 srrtistautiaa,

1008 1823 1067 1878 utrae
1086 1817 1146 1861 sunt
1166 1809 1300 1877 gerrcrulia
1322 1807 1439 1871 nentina,
1458 1808 1525 1862 etsi
1549 1807 1621 1878 quial
1639 1809 1721 1864 alind
1743 1808 1778 1864 de
1790 1807 1826 1862 iris

1008 1897 1169 1967 generaliter
1193 1897 1243 1952 dici
1267 1905 1374 1968 potcst3
1392 1904 1447 1953 tres
1461 1911 1527 1952 rere
1542 1911 1655 1968 equos,
1672 1906 1727 1954 ant
1738 1894 1824 1963 nore.

1007 1996 1054 2041 aut
1065 2001 1159 2053 canes,
1177 2002 1236 2056 utne
1258 1987 1382 2057 specialia
1397 1987 1525 2042 rocattnla
1543 1996 1627 2056 sunt,
1645 2002 1707 2044 noa
1722 2003 1757 2045 ee
1772 2002 1828 2059 pet·

1009 2091 1101 2132 surrrrts
1112 2077 1210 2132 diceru.
1224 2078 1262 2132 Ea
1276 2078 1373 2148 quippe
1387 2091 1440 2134 uno
1454 2075 1569 2133 nemine
1584 2079 1727 2148 qttautris
1743 2079 1828 2150 ptura·

1010 2167 1070 2223 liter
1084 2168 1251 2223 enuntiamus
1265 2182 1324 2238 utre
1341 2167 1518 2223 cornmnniter
1537 2165 1655 2223 trahent
1679 2167 1751 2223 illud
1762 2167 1828 2241 qood

1010 2273 1043 2313 eu
1055 2258 1162 2314 nornine
1182 2259 1356 2329 sigtritieatnr.
1381 2258 1517 2313 auratam
1532 2257 1646 2329 qnippe
1663 2268 1696 2315 et
1720 2259 1830 2317 rsaaee

1010 2349 1092 2405 creet)
1105 2364 1246 2405 eutramnus
1259 2349 1357 2404 tralteut
1372 2349 1397 2403 id
1412 2346 1482 2419 quod
1497 2357 1542 2404 est
1559 2347 1676 2417 transm
1691 2344 1830 2422 termis

1010 2452 1106 2497 crrutur
1120 2451 1174 2497 tres
1189 2443 1310 2497 trontiues
1326 2459 1332 2495 :
1348 2455 1433 2511 equus
1449 2454 1558 2510 qnoque
1571 2450 1601 2497 et
1618 2441 1678 2499 bos
1698 2452 1730 2501 et
1746 2442 1828 2512 canis,

1011 2550 1151 2590 cerumune
1167 2535 1263 2589 tralteut
1283 2534 1308 2589 id
1326 2533 1396 2605 qnod
1412 2542 1454 2588 cst
1469 2532 1593 2600 auimat;
1612 2533 1755 2591 dieantur
1768 2548 1829 2608 ergo

1012 2629 1061 2682 tria
1080 2629 1215 2683 aniruatia.
1239 2630 1346 2683 tratres
1365 2627 1467 2698 aliquas
1482 2627 1584 2689 lauros.
1605 2628 1700 2685 etiarn
1714 2638 1774 2687 tres
1785 2642 1828 2687 er-

1012 2722 1090 2775 trnres
1113 2721 1243 2785 dirimns;
1269 2720 1373 2774 laurum
1398 2732 1461 2773 rere
1478 2728 1506 2773 et
1529 2729 1662 2790 myrtum
1677 2730 1709 2777 et
1729 2720 1827 2783 elem,

1013 2820 1114 2864 tanturn
1131 2821 1185 2864 tres
1199 2810 1309 2864 arltures
1320 2809 1360 2863 rel
1373 2819 1425 2865 tres
1439 2807 1622 2873 substantias,
1640 2820 1693 2867 ant
1709 2819 1768 2869 tres
1781 2824 1827 2869 m·

1013 2910 1101 2955 tinas:
1117 2909 1195 2970 atqtre
1217 2901 1251 2953 ita
1270 2908 1323 2953 tres
1338 2898 1447 2968 lapides,
1460 2898 1540 2953 etiam
1560 2898 1613 2953 tria
1628 2915 1775 2970 corpera3
1793 2900 1828 2953 ta·

1013 2993 1099 3061 pidem
1117 3007 1178 3045 reru
1191 3001 1215 3045 et
1230 2990 1329 3061 lienum
1342 2998 1369 3044 et
1383 2989 1494 3052 terrum,
1507 2997 1617 3044 tantum
1633 2991 1687 3047 tria
1699 3004 1824 3062 corpora,

1014 3081 1053 3134 rel
1069 3081 1090 3133 si
1112 3095 1164 3148 qaro
1177 3079 1257 3134 etiam
1278 3079 1416 3148 superiore
1428 3079 1548 3148 generali
1561 3081 1682 3136 nemine
1692 3081 1751 3137 diei
1765 3094 1824 3152 pot·

1012 3183 1085 3246 suut.
1100 3173 1178 3227 Pater
1199 3187 1263 3241 erpo
1275 3182 1302 3226 et
1317 3172 1399 3227 Filius
1418 3180 1446 3227 et
1466 3172 1583 3242 Spiritus
1607 3184 1741 3244 sanctus,
1761 3190 1824 3247 qna·

1013 3263 1083 3317 niatu
1106 3272 1159 3317 tres
1185 3270 1256 3328 strat,
1281 3276 1431 3332 queramus
1456 3261 1518 3332 quid
1540 3271 1596 3319 tres
1620 3265 1690 3332 sint,
1719 3265 1822 3337 etquid

1012 3368 1153 3408 commune
1174 3353 1299 3409 ltaboant.
1315 3352 1373 3408 Non
1395 3353 1466 3409 enim
1482 3368 1632 3411 commune
1653 3357 1714 3414 iltis
1733 3367 1776 3415 est
1796 3356 1821 3412 id

1013 3444 1083 3514 qrtnd
1105 3444 1182 3498 Pater
1204 3451 1262 3510 est,
1283 3452 1313 3498 ιιι
1334 3444 1447 3500 inuicem
1466 3443 1515 3499 sibi
1536 3444 1592 3499 sint
1612 3456 1733 3517 patres;
1756 3448 1821 3503 sicat

1013 3534 1101 3599 amici,
1123 3548 1182 3589 eum
1205 3533 1318 3589 relative
1329 3533 1363 3588 atl
1376 3533 1532 3589 atterutrum
1549 3534 1693 3605 dieantur,
1710 3545 1819 3608 passam

1013 3624 1064 3679 diei
1080 3633 1134 3680 tres
1147 3624 1235 3689 amici,
1250 3622 1320 3694 qarod
1341 3623 1453 3680 invicem
1474 3624 1525 3679 sibi
1547 3633 1622 3681 snat.
1642 3625 1708 3682 Nou
1730 3636 1817 3682 autem

1015 3714 1126 3781 ltneilti,
1148 3714 1209 3784 qrrin
1232 3724 1332 3769 tantum
1355 3714 1434 3769 Pater
1454 3714 1490 3769 itti
1512 3722 1605 3785 pater;
1631 3716 1816 3773 nec-duarum

1015 3813 1099 3873 pater,
1110 3804 1156 3858 sed
1172 3804 1241 3860 unici
1257 3805 1326 3860 Filii.
1340 3803 1395 3860 Nec
1407 3812 1460 3860 tres
1474 3804 1531 3869 sitii,
1544 3820 1606 3860 cnm
1616 3805 1704 3862 Pater
1714 3807 1751 3863 itti
1763 3822 1815 3862 noa

1014 3894 1050 3948 sit
1076 3893 1165 3958 tilius,
1187 3910 1236 3949 nec
1255 3895 1368 3965 Spiritus
1394 3904 1514 3951 sauctus.
1540 3893 1597 3951 Nec
1623 3903 1683 3953 tres
1706 3897 1816 3968 spiritns

1015 3988 1109 4050 sancti,
1131 3986 1191 4057 utria
1206 3994 1233 4040 et
1246 3987 1355 4058 spiritus
1368 3993 1476 4043 sanctus
1495 3985 1815 4058 propriasipnitieatiene

1015 4092 1066 4147 qua
1079 4078 1158 4132 etiam
1179 4077 1277 4133 donum
1293 4078 1340 4132 tlei
1360 4076 1465 4145 dicitnr,
1488 4092 1538 4132 nec
1559 4077 1707 4134 Patecnee
1719 4078 1812 4134 Filias.

1014 4168 1081 4236 Quid
1095 4169 1174 4239 igitur
1186 4170 1259 4224 tres?
1271 4168 1298 4225 Si
1310 4169 1381 4242 enirn
1394 4178 1448 4224 tres
1462 4183 1593 4239 persone,
1609 4177 1811 4225 commuueeat

1015 4259 1054 4315 eis
1064 4259 1165 4329 idqnod
1179 4273 1290 4329 persona
1302 4268 1357 4316 est:
1370 4274 1433 4329 erge
1446 4258 1622 4331 specialeltac
1631 4260 1814 4333 autgenenle

1016 4365 1112 4406 nomeu
1124 4352 1225 4415 osteis,
1237 4352 1259 4407 si
1270 4351 1488 4407 consuetudinem
1499 4350 1626 4422 loquendi
1640 4353 1811 4423 respicimus

1016 4441 1068 4497 Sed
1091 4441 1136 4495 nbi
1156 4451 1197 4497 est
1211 4450 1311 4496 araturae
1325 4443 1397 4497 unlla
1420 4443 1571 4510 diversitas,
1593 4442 1629 4498 ita
1648 4444 1813 4513 generaliter

1016 4534 1188 4591 enuntiantur
1205 4534 1291 4606 aliqua
1307 4535 1391 4604 ptura,
1414 4544 1443 4590 nt
1457 4535 1537 4593 etiam
1556 4535 1711 4607 specialiter
1728 4551 1813 4592 enna-

1017 4624 1075 4678 tiari
1097 4624 1208 4692 possint.
1229 4623 1335 4680 Nature
1350 4624 1421 4679 eninr
1435 4624 1586 4681 differentia
1600 4623 1664 4681 lacit
1678 4634 1711 4681 ιιι
1722 4626 1814 4682 laureta

1016 4726 1041 4768 et
1057 4725 1159 4785 myrtus
1171 4724 1198 4768 ct
1212 4715 1281 4780 olea,
1295 4725 1341 4769 aut
1355 4731 1438 4786 equus
1451 4727 1478 4772 ct
1492 4717 1540 4771 tros
1552 4723 1580 4770 et
1591 4714 1688 4781 canis,
1704 4730 1759 4771 uon
1770 4715 1813 4772 di·

1016 4815 1110 4859 ctntur
1121 4805 1229 4874 speciali
1247 4804 1364 4867 nominc,
1379 4805 1446 4870 istc,
1462 4813 1516 4860 tres
1531 4806 1615 4866 latuit
1634 4813 1681 4860 ant
1692 4804 1744 4873 illi,
1759 4814 1815 4862 tres

1017 4896 1114 4951 ttrrres:
1129 4896 1175 4950 sed
1187 4897 1347 4966 generatim
1361 4897 1426 4951 isse.
1443 4905 1496 4951 tres
1510 4895 1638 4957 arbores:
1652 4903 1681 4950 et
1690 4894 1748 4962 illa,
1764 4894 1815 4950 tria

1017 4988 1148 5041 animatia.
1167 4987 1214 5041 ttic
1237 5002 1300 5042 rere
1315 4987 1357 5042 ulti
1373 4988 1443 5041 nulla
1456 4996 1498 5042 est
1509 4984 1633 5041 essentie
1646 4984 1813 5050 diversitas,

1017 5089 1120 5146 opertet
1135 5086 1163 5132 ul
1181 5078 1295 5149 speciale
1307 5093 1403 5131 nnnrcu
1417 5077 1530 5132 tratreant
1543 5075 1600 5130 naec
1611 5075 1673 5142 trie,
1687 5074 1762 5149 qued
1773 5084 1815 5131 ta·

1018 5184 1077 5221 men
1093 5183 1145 5221 trun
1160 5168 1300 5222 inreuitur.
1315 5165 1379 5221 Nam
1395 5181 1507 5236 persona
1517 5164 1751 5237 gancetenaarea
1762 5175 1814 5229 esi,

1018 5276 1043 5332 pn
1059 5269 1159 5314 tamum
1172 5268 1201 5315 ut
1212 5260 1292 5314 etiam
1307 5259 1387 5314 homo
1401 5260 1484 5330 possit
1494 5257 1619 5324 troc-dici,
1632 5272 1697 5315 cttttt
1711 5267 1817 5316 tantm

1018 5351 1121 5406 intersit
1138 5351 1207 5405 inter
1227 5349 1359 5404 ltnmt'uem
1374 5358 1402 5405 et
1416 5350 1510 5405 ileum.

1053 5443 1079 5497 8.
1102 5441 1201 5497 Deinde
1216 5441 1242 5495 iu
1263 5441 1320 5510 ipso
1335 5441 1452 5511 garreratt
1469 5438 1614 5509 rambula,
1629 5438 1654 5494 si
1669 5446 1816 5510 proptera

1018 5535 1132 5589 dicimus
1146 5542 1198 5587 tres
1213 5547 1350 5602 personas,
1366 5533 1428 5602 utria
1438 5543 1578 5587 commune
1591 5537 1633 5587 est
1648 5529 1690 5587 eis
1705 5529 1734 5585 td
1743 5529 1819 5601 antid

1020 5639 1131 5699 persam
1155 5632 1196 5680 cst
1220 5623 1348 5694 (alioquin
1376 5621 1449 5677 nullo
1472 5620 1552 5677 ruodo
1571 5627 1684 5691 possam
1699 5619 1737 5675 ita
1750 5616 1818 5683 diei,
