3938 6360
241 190 295 253 m
486 238 491 251 ,
791 189 835 247 be
855 186 1053 257 nutrituris,
1073 189 1103 246 S.
1125 189 1309 253 audbertus
1823 210 1877 268 pii

241 310 396 362 nouantem
417 304 506 362 earnis
525 304 673 377 quintine,
697 303 810 371 lenitum
826 302 991 377 siidtquod
1006 304 1033 360 ln
1089 316 1205 376 quenter
1218 310 1356 367 etiamneo
1369 313 1489 382 memini,
1501 330 1551 375 aee
1562 316 1632 376 eolo.
1648 319 1779 394 indqrrid
1790 337 1879 382 ararem

240 395 394 456 laeullatem
418 397 563 454 voluntatis
588 398 717 463 assumit,
744 411 798 454 non
828 405 938 471 propter
968 395 1033 452 iliud
1087 397 1293 470 intelligibilium
1302 404 1410 459 memini
1421 415 1448 462 et
1461 408 1532 474 uolo,
1543 422 1739 482 consequenter
1749 415 1878 487 intelligo.

242 490 340 562 ipsam,
355 488 402 545 sed
411 497 520 560 propter
531 488 602 545 aliud
611 489 748 561 appetivit.
1088 488 1217 548 tranans
1239 493 1319 549 etiam
1333 510 1393 551 mea
1417 506 1498 554 totam
1520 501 1719 574 intelligentiam
1745 517 1881 574 totamque

277 579 321 637 ts.
337 580 398 636 iiaee
411 580 492 651 igitur
501 579 563 647 tria,
584 580 724 648 memoria,
741 577 924 651 intelligentia,
939 578 1033 635 rolun·
1087 583 1244 638 ntmnoriam
1259 599 1346 640 meam
1359 587 1442 656 capit,
1457 587 1520 644 dum
1534 598 1590 646 toto
1600 602 1660 648 ntor
1676 594 1746 664 qnod
1762 597 1880 668 intelligo

240 680 292 739 tas,
315 673 441 744 quoniam
454 687 508 728 nou
520 682 583 728 sunt
599 682 654 730 tres
672 674 745 741 uita,
763 671 812 729 sed
823 687 876 728 una
888 674 962 740 rita3
984 687 1034 729 nee
1086 679 1114 726 et
1131 674 1251 728 memini.
1266 674 1434 747 Quapropter
1448 678 1555 748 quando
1573 682 1686 738 invicem
1699 700 1713 740 a
1728 685 1839 756 singulis
1853 698 1881 744 et
1944 708 1948 712 ·

242 773 296 821 tras
310 772 424 831 mentes,
436 764 483 820 sed
495 780 546 821 una
561 779 659 822 mens:
675 774 869 836 consequenter
878 766 970 836 utique
984 778 1034 821 nee
1087 770 1141 817 tota
1155 766 1244 821 omnia
1259 767 1408 839 rapiuntur,
1427 772 1538 840 aequalia
1553 783 1614 828 sunt
1628 783 1681 829 tota
1699 776 1803 847 singula
1818 780 1881 835 totis

241 865 297 913 tres
315 855 471 913 substantie
494 865 566 924 sunt,
584 857 633 913 sed
655 874 706 913 una
726 858 882 914 sribstantia.
907 858 1032 914 Memoria
1087 853 1206 924 siugulis,
1227 864 1256 912 et
1268 866 1323 914 tota
1336 858 1440 930 singula
1452 861 1531 917 simul
1546 864 1670 921 omninibus
1683 867 1764 933 toris;
1782 876 1810 923 et
1822 865 1880 925 ineo

240 949 350 1020 quippe,
366 964 426 1020 quae
436 948 490 1004 rita
501 957 529 1004 et
542 962 619 1005 mens
632 955 660 1006 et
672 950 818 1006 substantia
834 949 942 1017 dieitur,
958 949 991 1005 ad
1004 962 1034 1006 se
1087 947 1137 1000 itis
1151 963 1244 1013 numu.
1255 964 1308 1005 uua
1321 951 1384 1016 rita,
1398 966 1450 1009 tum
1462 968 1549 1020 meus,
1564 970 1617 1011 una
1628 959 1754 1013 essentia.

243 1040 329 1111 ipsam
343 1039 458 1096 dieitur:
470 1041 616 1112 qoodnero
630 1043 758 1097 memoria
769 1042 875 1108 dieitur,
889 1042 922 1096 ad
935 1041 1033 1112 aliquid
1123 1036 1236 1094 CAPUT
1247 1038 1354 1096 illi-l
1360 1041 1386 1096 ll.
1397 1041 1471 1098 dieas
1480 1044 1564 1116 imago
1572 1044 1703 1103 Trinitatis
1715 1050 1741 1102 in
1753 1052 1792 1104 sui
1800 1051 1880 1118 ipsias

240 1129 352 1187 relative
365 1130 471 1187 dieitur.
486 1131 890 1203 lloedeintel‘igentbqnoqne
903 1141 927 1187 et
941 1132 976 1187 de
989 1147 1035 1187 ro·
1087 1129 1218 1195 memorio,
1257 1130 1421 1201 intelligentia
1459 1142 1483 1188 et
1515 1135 1651 1191 uoluntate.
1682 1138 1776 1195 lamae
1802 1141 1880 1210 igiter

242 1223 344 1279 lurttate
362 1222 495 1279 dixerim:
520 1232 547 1280 et
561 1225 732 1296 intelligentia
752 1226 849 1295 quippe
868 1235 895 1281 et
911 1225 1034 1280 voluntas
1087 1219 1284 1276 ascendendum
1298 1231 1340 1278 esi
1358 1218 1595 1298 qualibuseutuque
1610 1228 1765 1286 intentionis
1777 1233 1878 1288 riribns

241 1310 277 1374 ad
290 1313 389 1384 aliquid
400 1312 533 1371 dicuntur.
546 1314 607 1370 Vita
620 1324 662 1371 est
674 1323 762 1371 antem
777 1309 941 1387 unaquaeque
959 1314 991 1370 ad
1005 1329 1034 1370 se
1087 1308 1123 1367 nd
1147 1309 1220 1365 iliam
1241 1324 1373 1368 summum
1396 1321 1424 1370 et
1451 1315 1608 1372 altissimam
1627 1320 1782 1388 essentiam,
1805 1322 1879 1392 onim

242 1402 338 1476 ipsam,
360 1414 388 1461 et
405 1421 489 1474 meus,
515 1416 543 1464 et
565 1408 691 1464 essentia.
714 1407 844 1474 Quocirca
866 1406 916 1462 tria
931 1408 988 1462 imo
1001 1422 1034 1464 oo
1087 1401 1174 1473 impar
1188 1403 1327 1475 imagoert
1341 1406 1455 1461 bumana
1468 1421 1555 1476 mens,
1568 1409 1716 1467 sedtamen
1729 1413 1881 1483 imagoian

241 1503 305 1551 sunt
323 1511 416 1560 unnm,
439 1511 557 1568 qnounn
571 1498 635 1565 rita,
650 1513 701 1553 una
716 1512 801 1564 nuens,
827 1512 879 1553 nna
897 1498 1032 1553 essentia:
1087 1494 1174 1551 adhue
1197 1495 1294 1551 eadem
1327 1497 1377 1552 tria
1399 1497 1550 1555 distinctius
1574 1499 1734 1558 deelamnda
1764 1513 1825 1559 suunt
1853 1507 1879 1560 in

242 1595 270 1643 et
281 1588 409 1660 quidquid
426 1591 496 1646 aliud
511 1590 544 1647 ad
567 1605 596 1646 se
608 1591 665 1661 ipsa
679 1590 782 1661 singula
794 1589 930 1656 dicuntur,
953 1591 1033 1647 etiam
1087 1586 1185 1653 anima,
1201 1602 1250 1658 per
1262 1588 1306 1643 iila
1321 1604 1382 1660 quae
1393 1590 1559 1648 extrinsecus
1571 1596 1651 1648 sedsn
1663 1597 1786 1665 eorporis
1805 1599 1880 1667 rapi·

242 1681 334 1749 simul,
354 1698 407 1737 non
423 1683 573 1752 pluraliter,
587 1682 633 1739 sed
648 1682 817 1754 singulariter
836 1681 970 1738 dicuntur.
995 1682 1035 1737 Eo
1087 1694 1156 1743 mnu,
1167 1680 1212 1735 ubl
1225 1682 1407 1753 temporaliter
1417 1682 1577 1751 imprimitur
1589 1700 1677 1740 rerum
1690 1702 1880 1757 corporearum

241 1786 308 1830 vero
330 1773 390 1838 tria,
418 1789 471 1845 quo
495 1774 527 1829 ad
550 1774 714 1831 seinvicem
737 1774 905 1830 referuntur:
930 1788 990 1845 quae
1010 1773 1034 1830 si
1088 1772 1199 1828 notitla‘l
1212 1773 1326 1829 liemem
1340 1775 1438 1846 quippe
1452 1775 1536 1847 ipsam
1557 1777 1582 1830 in
1597 1779 1725 1832 memoria
1738 1788 1765 1833 et
1780 1780 1879 1835 intelli-

243 1864 357 1936 reqnalia
371 1879 425 1920 non
438 1873 539 1931 essent,
555 1879 608 1921 non
624 1865 711 1921 solum
724 1865 827 1937 singula
844 1865 965 1936 singolis,
986 1863 1034 1920 sad
1087 1862 1175 1932 gentia
1188 1872 1215 1919 et
1226 1864 1361 1920 voluntate
1380 1865 1561 1936 suimetipsius
1572 1866 1652 1921 talem
1669 1868 1877 1936 reperiebamus,

238 1954 323 2010 '’tiam
337 1955 461 2011 omnibus
473 1955 576 2028 singula
589 1972 597 2021 ;
616 1971 669 2011 non
683 1956 773 2026 ntiqne
786 1969 816 2012 se
828 1955 941 2012 inrioem
953 1969 1034 2026 eape-
1088 1954 1248 2025 utnqrroniam
1256 1968 1362 2024 semper
1369 1970 1399 2010 se
1411 1969 1491 2010 nosse
1501 1970 1660 2026 semperque
1671 1958 1794 2028 seipsam
1810 1960 1879 2014 selle

241 2052 314 2100 rest.
336 2044 429 2116 Neque
440 2045 511 2101 enim
532 2053 634 2101 lantum
649 2060 665 2101 a
683 2045 795 2118 singulis
808 2044 920 2117 singula,
940 2059 1034 2102 rerum
1087 2044 1541 2115 eornprebendebatnr,simuletiam
1549 2050 1704 2117 sempersui
1715 2051 1877 2116 metninisse,

226 2136 323 2195 ettam
345 2135 483 2208 asingulis
497 2137 586 2193 omnia
607 2137 758 2208 capiuntur.
779 2135 969 2192 Neminienim
990 2150 1035 2192 rue
1087 2148 1245 2209 semperque
1267 2152 1297 2194 se
1319 2139 1403 2208 ipsam
1425 2139 1574 2210 intelligere
1596 2148 1624 2195 et
1646 2155 1737 2197 ornare
1756 2156 1879 2212 eompre-

240 2226 343 2287 babere
362 2228 527 2294 memoriam,
544 2238 572 2286 et
587 2229 802 2299 intelligentiam,
814 2238 841 2286 et
852 2229 1033 2296 noluntatem3
1088 2229 1265 2298 benderetnr;
1281 2230 1403 2302 quamuis
1419 2245 1473 2286 non
1486 2245 1634 2302 semporse
1647 2233 1765 2304 cogitare
1777 2233 1881 2290 disere·

242 2325 270 2373 et
283 2317 402 2390 intelligo
415 2334 458 2376 me
470 2319 629 2392 intelligere,
641 2329 670 2376 ot
682 2319 761 2389 velle,
774 2329 854 2392 atque
863 2320 1033 2388 meminisse3
1086 2327 1142 2377 bnt
1154 2320 1189 2376 ab
1200 2321 1240 2376 eis
1249 2336 1308 2393 quar
1325 2337 1378 2377 non
1391 2329 1463 2388 sunt,
1482 2322 1553 2394 quod
1567 2324 1623 2393 ipsa
1639 2333 1680 2378 ost
1695 2339 1702 2377 ε
1727 2339 1759 2379 ae
1772 2340 1820 2394 per
1832 2324 1882 2380 boc

243 2421 271 2470 et
288 2410 350 2467 volo
370 2428 415 2469 me
432 2402 510 2480 velle,
530 2422 558 2472 et
576 2415 741 2480 meminisse,
765 2422 793 2470 et
814 2413 972 2487 intelligere,
992 2423 1034 2470 tn·
1087 2411 1231 2469 diiileiiein
1243 2427 1274 2469 ea
1286 2412 1451 2485 dignoscitur
1462 2414 1589 2469 memoria
1602 2413 1654 2479 sui,
1669 2414 1881 2484 etintelligentia

244 2513 352 2575 tammre
372 2518 460 2560 meam
483 2506 652 2572 memoriam,
674 2513 704 2562 et
717 2505 929 2577 intelligentiam,
949 2513 976 2562 et
989 2519 1035 2560 ro·
1087 2502 1139 2564 sui.
1154 2502 1236 2574 Quasi
1248 2504 1318 2560 enim
1333 2518 1386 2558 non
1400 2503 1454 2560 sint
1466 2503 1523 2559 bae
1535 2503 1600 2570 duo,
1616 2503 1665 2560 sed
1681 2520 1762 2559 unum
1774 2504 1881 2560 duobus

242 2596 373 2652 luntatem
398 2596 478 2652 simul
491 2597 609 2653 memini.
625 2596 700 2665 Quod
720 2598 790 2654 enisu
813 2598 948 2652 memorie
967 2610 1035 2653 mem
1086 2595 1222 2651 rennuatis
1241 2594 1400 2666 appelletur,
1416 2595 1456 2651 sie
1476 2604 1586 2666 apparet
1600 2595 1626 2650 in
1647 2610 1677 2650 ea
1693 2611 1723 2651 re
1740 2596 1784 2650 nbi
1802 2595 1881 2652 valde

241 2700 296 2746 oon
311 2686 429 2751 memini,
444 2701 498 2742 non
512 2696 553 2744 est
569 2687 596 2742 in
613 2688 742 2744 memoria
764 2700 834 2744 mea.
853 2687 924 2745 Nibll
945 2695 1034 2745 autem
1088 2686 1137 2747 isla
1162 2686 1301 2757 conjuncta
1320 2694 1392 2754 sunt,
1418 2695 1445 2741 et
1458 2685 1531 2747 aliud
1551 2685 1604 2741 alio
1626 2686 1701 2743 nullo
1722 2688 1882 2756 preceditnr

243 2782 298 2831 tam
330 2775 358 2831 in
389 2776 530 2845 memoria,
555 2790 634 2848 quant
658 2775 714 2847 ipsa
741 2778 868 2833 memoria
891 2786 941 2833 est.
979 2776 1035 2832 Tn-
1088 2783 1224 2845 tempore:
1244 2789 1373 2846 amorque
1392 2776 1449 2847 ipse
1470 2792 1523 2831 non
1544 2777 1579 2832 itu
1600 2776 1714 2833 sentitur
1725 2792 1795 2843 esse,
1819 2795 1882 2834 cum

242 2876 297 2922 tam
317 2866 398 2938 igitur
414 2868 535 2924 memini.
561 2867 626 2924 item
646 2867 773 2938 quidquid
793 2867 921 2937 intelligo,
937 2866 1035 2924 intelli·
1086 2880 1148 2922 earn
1168 2880 1220 2922 rmn
1234 2863 1323 2937 prodit
1334 2865 1488 2937 indigentia,
1505 2866 1631 2937 quoniam
1645 2870 1769 2936 semper¹
1784 2881 1882 2939 praesto

241 2972 306 3031 gere
319 2975 362 3016 me
375 2961 441 3027 selu,
458 2968 485 3016 et
504 2961 560 3017 seio
572 2975 615 3017 me
626 2960 694 3017 uelle
708 2959 835 3032 quidquid
849 2960 910 3016 roio
928 2979 935 3015 ε
955 2960 1034 3032 qnid·
1087 2966 1129 3014 est
1148 2957 1219 3029 quod
1237 2968 1351 3014 amatur.
1373 2957 1541 3028 Quapropter
1559 2958 1642 3014 etiam
1660 2958 1820 3014 tardioribus
1838 2961 1881 3014 di·

241 3047 306 3122 quid
318 3057 405 3106 autem
419 3050 475 3107 selo
485 3051 603 3107 memini.
619 3050 715 3107 ‘domm
729 3049 811 3123 igitur⁴
821 3051 1033 3122 intelligentiam,
1088 3048 1222 3108 irteeseere
1242 3050 1303 3110 ,bae
1323 3058 1443 3122 possunt,
1464 3049 1576 3105 dumea
1597 3057 1745 3106 tractantur
1768 3067 1828 3122 quae
1846 3053 1881 3106 ad

241 3148 378 3214 tuumque
394 3143 556 3200 ritlrrntatem
576 3158 662 3200 meam
686 3143 805 3199 memini.
826 3141 954 3199 Similiter
974 3156 1035 3198 eum
1087 3139 1205 3196 animum
1231 3150 1351 3212 tempore
1370 3138 1501 3197 moodnm
1523 3148 1552 3196 el
1567 3156 1627 3212 qnae
1645 3141 1684 3201 illi
1699 3143 1881 3211 temporaliter

243 3229 301 3289 ten
319 3232 370 3289 tria
386 3233 514 3306 intelligo,
538 3242 591 3291 tnta
606 3233 684 3290 simnl
701 3234 828 3306 intelligo.
851 3233 942 3305 Neque
963 3233 1035 3289 enim
1088 3231 1220 3300 accidunt,
1246 3247 1307 3288 euru
1330 3231 1453 3289 meminit
1464 3231 1535 3301 quod
1548 3243 1628 3288 an'ea
1646 3246 1698 3288 non
1713 3233 1881 3302 meminerat,

240 3322 385 3395 quidquam
418 3324 624 3396 intelligibilium
650 3339 705 3380 non
731 3326 859 3396 intelligo,
889 3324 940 3380 nisi
963 3324 1034 3396 quod
1087 3334 1188 3384 steum
1209 3323 1458 3395 ridetquodantea
1481 3322 1665 3390 nonridebat,
1689 3332 1717 3379 et
1734 3339 1794 3379 eum
1809 3335 1882 3380 amat

240 3412 346 3483 Qunam
362 3412 438 3482 Qum
457 3424 546 3471 autem
560 3416 665 3486 ignoro,
688 3429 739 3471 neo
758 3414 880 3481 memini,
901 3413 1033 3470 noereio.
1088 3413 1161 3485 quod
1173 3423 1251 3470 soma
1266 3428 1319 3469 non
1332 3413 1448 3469 emebat.
1463 3412 1518 3469 Sed
1532 3413 1603 3469 aliud
1618 3413 1677 3470 ime
1691 3415 1814 3470 tractatio
1825 3416 1883 3486 jam

140 3516 147 3525 “
240 3502 374 3576 Quidquid
400 3507 490 3577 itaque
509 3506 712 3580 intelligibilium
727 3523 782 3568 nnn
797 3507 926 3579 intelligo,
941 3521 1036 3563 eonse-
1087 3503 1173 3575 posen
1188 3503 1342 3571 exordium,
1357 3512 1465 3575 pmpter
1476 3503 1555 3573 bujns
1567 3502 1649 3560 libelli
1662 3504 1782 3560 mudum.

1120 3641 1129 3673 ¹
1147 3640 1216 3700 inliti,
1227 3652 1274 3692 non
1284 3650 1387 3704 semper.
1399 3637 1508 3690 delenda
1519 3635 1636 3702 particula
1645 3651 1749 3703 negans,
1763 3652 1819 3703 que
1837 3641 1882 3690 ab,

273 3696 282 3729 ¹
298 3695 432 3746 steussat
443 3696 611 3759 editt,redr'd.
1089 3708 1152 3753 esta
1167 3706 1220 3758 uss

682 3896 920 4006 neuun
952 3890 1432 4004 unnunrmus.

272 4079 394 4131 trinitatis
404 4080 484 4144 imago
494 4078 604 4147 quaedam
615 4088 761 4132 monstratur
772 4082 845 4132 etiam
857 4081 881 4130 in
893 4080 1019 4132 exteriore
1030 4076 1128 4138 mnino
1139 4091 1145 4126 :
1158 4077 1236 4140 primo
1251 4074 1350 4139 quidem
1361 4076 1385 4126 iu
1397 4075 1436 4125 bis
1447 4086 1503 4139 qne
1519 4082 1652 4126 cernuntur
1668 4078 1837 4139 extrinsecus:
1848 4096 1879 4133 ex

244 4152 346 4204 empore
358 4141 451 4192 scilieet
461 4142 526 4204 quod
538 4143 642 4200 ridetur,
656 4150 683 4193 et
693 4143 770 4197 lomna
778 4155 833 4207 qure
842 4141 900 4192 iude
911 4143 937 4192 lu
948 4143 1000 4192 aeie
1011 4140 1137 4192 cernentis
1148 4139 1302 4201 imprimitur,
1312 4144 1339 4187 et
1346 4143 1479 4201 utrumque
1494 4136 1629 4199 mpnlanns
1643 4140 1779 4191 intentione
1795 4144 1879 4193 rolrrn-

242 4204 314 4253 tatis:
326 4205 423 4254 tanretd
432 4203 485 4254 beo
495 4206 542 4254 tria
553 4217 635 4268 neque
642 4206 706 4255 iuter
717 4218 746 4256 se
757 4203 859 4269 aequalia
869 4204 931 4260 sint,
944 4215 1026 4266 neque
1037 4204 1108 4253 unius
1115 4201 1265 4251 substantiae.
1278 4199 1369 4250 Deinde
1380 4200 1405 4249 in
1416 4199 1469 4263 insu
1480 4200 1560 4249 mmm
1570 4198 1602 4249 ab
1612 4198 1650 4249 tus
1661 4214 1716 4264 quae
1727 4205 1883 4262 extrinsecus

1571 4262 1578 4274 Ο

244 4277 317 4314 seusa
327 4272 393 4324 suut,
405 4263 473 4315 reiut
483 4263 619 4317 introducta
630 4267 775 4320 observatur
785 4266 863 4317 altera
872 4267 974 4324 ninius,
991 4276 1037 4315 seu
1053 4262 1098 4313 tria
1130 4262 1224 4312 uaedam
1243 4262 1315 4311 unius
1329 4260 1485 4322 miserantia
1506 4260 1552 4309 ima
1581 4263 1645 4312 rratto
1659 4275 1702 4312 eor
1733 4266 1767 4315 ris
1782 4280 1838 4330 quae
1858 4272 1882 4319 in

241 4327 358 4398 anemoria
371 4333 419 4386 est,
429 4333 455 4376 et
467 4326 523 4399 inde
531 4326 666 4379 inioruutio
674 4340 729 4400 eum
738 4328 830 4379 adeam
840 4326 990 4400 sertertium
999 4276 1211 4398 aciesengqtautis,
1223 4323 1548 4396 ettrnnmqueoouiuugeus
1553 4274 1686 4397 ssmutior
1728 4331 1816 4400 utatis:
1826 4343 1884 4394 quur

241 4387 356 4445 pluteum
366 4386 444 4438 altera
455 4394 550 4439 namtas
559 4388 590 4439 ad
601 4398 752 4447 exteriorem
763 4401 861 4459 qanrque
871 4388 994 4438 bominem
1005 4393 1132 4449 pertinere
1143 4384 1232 4436 droun
1249 4384 1314 4449 quod
1329 4381 1362 4434 de
1377 4385 1520 4448 corporibus
1538 4383 1604 4435 allata
1619 4393 1659 4449 sut,
1677 4400 1732 4452 quae
1744 4398 1883 4445 sennuntur

241 4448 405 4498 extrinseers.
980 4506 1138 4562 «ΟΝ»

202 4603 206 4611 ’
276 4620 390 4685 CAPUT
400 4623 617 4682 Putttdti—t.
628 4623 763 4697 Vestigium
775 4624 905 4679 Trinitatis
917 4624 992 4680 etiam
1007 4626 1033 4680 in
1085 4624 1114 4681 ln
1126 4624 1179 4680 boe
1189 4638 1254 4696 ergo
1268 4622 1312 4694 qni
1326 4621 1520 4693 enmumpitur,
1531 4637 1694 4693 quaeramus,
1705 4626 1880 4710 quemadmo-

241 4719 364 4776 eaterinre
377 4718 487 4773 lamine.
501 4717 606 4773 Nemini
618 4716 727 4772 dubium
741 4716 1033 4781 est,sieutinteriorem
1085 4716 1148 4772 dnm
1162 4729 1314 4787 possumus,
1339 4712 1481 4785 qnamdam
1503 4710 1641 4770 Trinitatis
1659 4715 1783 4786 elligiem,
1809 4725 1837 4772 et
1856 4719 1880 4776 si

242 4809 376 4866 bominem
391 4806 575 4877 intelligentia,
590 4807 630 4863 sie
642 4806 801 4863 exteriorem
819 4821 899 4864 sensu
914 4809 1034 4880 eorporis
1085 4823 1139 4864 uon
1152 4805 1357 4878 expressiorem,
1384 4812 1471 4860 tamen
1488 4802 1610 4859 tornssts
1622 4804 1655 4860 ad
1668 4805 1878 4876 dignoscendum

242 4898 395 4970 preditum.
405 4897 526 4953 Nitamur
535 4896 624 4967 igitur,
635 4896 658 4954 si
669 4911 820 4968 possumus,
831 4898 857 4954 in
869 4899 920 4956 boe
929 4914 1035 4972 quoque
1085 4897 1243 4955 faciliorem.
1257 4895 1350 4966 Neque
1367 4895 1438 4950 enim
1456 4892 1554 4949 trustra
1571 4900 1600 4949 et
1614 4894 1664 4950 iste
1678 4894 1760 4951 bomo
1771 4897 1879 4973 dieitur,

242 4991 376 5048 exteriore
389 4988 513 5060 indagare
525 4988 719 5062 qualecumque
733 4989 872 5063 vestigium
885 4989 1032 5060 Trinitatis,
1085 4988 1138 5045 nisi
1158 4986 1221 5060 quia
1235 4988 1306 5043 inest
1330 4985 1355 5040 ei
1368 4982 1495 5039 nonnulla
1515 4981 1651 5040 interioris
1669 4983 1827 5050 similitudo.
1845 4993 1881 5050 Ει

242 5098 296 5138 non
309 5081 372 5153 quia
381 5088 409 5137 et
418 5081 474 5152 lpse
486 5080 580 5138 eodem
596 5081 676 5138 modo
685 5083 721 5139 sit
730 5081 817 5155 imago
826 5082 885 5140 Ilei.
896 5083 1034 5152 Nanilesta
1085 5081 1132 5138 illo
1145 5080 1204 5151 ipso
1217 5077 1312 5135 ordine
1320 5073 1481 5132 conditionis
1491 5081 1590 5130 nostre
1599 5090 1652 5146 quo
1662 5080 1879 5157 mortalesatqna

241 5175 392 5248 estqulppe
404 5174 547 5246 apostoliea
558 5174 699 5244 sententia,
713 5191 773 5248 que
782 5175 935 5233 interiorem
947 5176 1034 5233 bomi-
1085 5171 1208 5229 carnales
1233 5167 1320 5226 elleeti
1335 5178 1443 5231 sumus,
1462 5162 1566 5220 laeiiins
1580 5175 1606 5222 et
1627 5171 1704 5237 qnasi
1724 5170 1876 5237 familiarius

241 5264 1036 5341 preanenovariinsseiagniiionp¹(Cpioa‚1qq‚10)deq12.
1085 5261 1201 5319 visibilia
1213 5273 1292 5331 (11111111
1307 5253 1482 5326 inlelligiblllt
1505 5264 1698 5328 perducamus
1717 5278 1724 5315 :
1747 5278 1807 5320 cttm
1831 5269 1880 5327 isla

241 5369 284 5416 rat
293 5359 439 5418 seeundum
452 5359 594 5431 imaginem
608 5359 666 5431 eius
678 5359 723 5431 qui
734 5358 905 5415 creariteum
917 5376 924 5413 :
935 5373 995 5416 eum
1008 5369 1036 5418 et
1086 5351 1280 5418 sintextertus.
1294 5347 1339 5403 ³¹¹²
1352 5344 1474 5411 inierim·
1487 5355 1515 5403 et
1526 5347 1576 5403 5⁸²²
1591 5357 1799 5425 sensucorporis
1812 5375 1875 5415 sen-

241 5450 365 5512 alioloeu
376 5450 457 5518 dieat,
471 5449 535 5506 Etsi
550 5450 658 5506 emetiar
672 5449 746 5504 inmo
756 5458 841 5504 noster
853 5451 1033 5522 controrpitnr,
1087 5444 1195 5506 tlemus.
1216 5439 1260 5495 illi
1276 5444 1366 5494 mento
1385 5436 1577 5508 interamnem
1603 5455 1706 5515 domne
1724 5443 1775 5516 ipsi
1797 5452 1879 5508 arrium

242 5543 439 5605 tontenialerior
449 5551 584 5596 renneatur
592 5539 625 5594 de
633 5539 675 5594 die
696 5540 723 5593 in
735 5538 801 5595 diem
818 5539 852 5614 (ll
862 5540 920 5597 Cur.
930 5555 968 5610 tv,
978 5543 1033 5611 lt).
1087 5548 1140 5589 '¹0¹¹
1150 5530 1289 5587 θθῃῦῑῧῑῐθθ
1304 5529 1397 5594 simus,
1412 5529 1438 5586 Μ
1452 5537 1505 5595 0⁵12
1527 5545 1650 5601 0011011.
1667 5536 1713 5592 sed
1726 5538 1879 5612 intelligibi-

275 5632 285 5665 ⁸
302 5630 524 5695 amanuensem
537 5629 740 5703 noopritiooon.
1087 5624 1137 5692 les,
1153 5625 1279 5702 quoniam
1293 5622 1346 5679 rita
1360 5636 1452 5680 sumus
1468 5642 1474 5678 z
1488 5631 1589 5694 nmen,
1604 5635 1632 5682 ut
1645 5627 1709 5693 dixi,
1728 5636 1801 5688 tanta
1813 5634 1880 5694 inita
1907 5694 1910 5699 ,
