3938 6360
855 612 1003 695 ΤΟΜΙ
1032 609 1250 695 OCTAVI

349 802 768 957 ouuuuuu
803 806 1155 954 sonunt
1192 804 1759 999 accusator,

981 1047 1014 1095 nt
1039 1047 1102 1102 Quo

485 1172 755 1237 suuutttrta
776 1169 960 1233 ISTHAEC
988 1168 1232 1233 opuscula
1262 1170 1586 1248 EXHIBENTUll,

961 1347 1102 1394 structas
1110 1351 1118 1392 4

226 1489 410 1537 uncturus
431 1489 555 1535 conans
570 1488 710 1544 cornuue
731 1486 889 1533 uenustas.
1113 1490 1316 1556 nasamonas.

226 1568 331 1616 sunno
364 1569 488 1614 conans
516 1568 667 1626 sunaus,
702 1566 842 1613 acaunus
871 1566 912 1609 aa
936 1566 1022 1611 turs·
1073 1569 1275 1624 aumsrroncs
1297 1572 1339 1614 un
1359 1570 1531 1620 annotatas
1552 1566 1655 1617 urna
1676 1575 1787 1621 ausast
1821 1581 1859 1626 ur

257 1647 335 1692 utos·
1112 1636 1248 1695 succurro
1270 1650 1453 1694 occsurum.

227 1724 387 1772 otrannus
427 1727 469 1770 nr
508 1724 748 1771 tarsncurronn
788 1723 944 1769 accusarat
980 1725 1021 1769 nr
1074 1729 1115 1773 nn
1141 1722 1377 1774 tantummono
1402 1729 1499 1773 aanor
1528 1730 1570 1773 an
1599 1731 1784 1777 scansurum
1817 1736 1857 1778 tr-

267 1804 449 1848 sunacoorc.
1112 1808 1167 1851 aar
1187 1807 1251 1852 nuo
1271 1807 1422 1852 contram
1443 1809 1486 1850 nx
1506 1806 1656 1853 antonna.

229 1883 270 1928 nr
302 1883 378 1926 rrun
410 1882 536 1929 conans
566 1882 755 1928 uanrcnmos
782 1882 876 1926 arnan
902 1881 1020 1928 sonoro
1073 1884 1167 1930 arara
1188 1888 1230 1930 aa
1251 1887 1424 1930 rnratrarrc
1445 1888 1486 1930 aa
1507 1887 1645 1932 narrans
1666 1891 1732 1932 nar.

265 1961 433 2010 sarsurus.
1073 1967 1115 2009 na
1137 1965 1288 2010 casanata
1309 1965 1515 2009 nrvrntrsars.

226 2039 497 2093 cuunoatronrcrt
519 2021 637 2104 (vulgo
658 2021 843 2103 accusatur)
864 2041 907 2084 un
923 2038 1020 2084 nucr-
1073 2044 1227 2089 otrannus
1244 2045 1285 2087 uta
1307 2036 1445 2089 narrarit
1466 2044 1592 2089 stacam
1612 2047 1803 2092 autumans.

267 2119 392 2164 cranous
412 2120 595 2165 uanrcnrars
616 2119 670 2173 aur
691 2119 957 2165 convasruurun.
1073 2123 1167 2167 amru
1187 2124 1229 2167 nu
1249 2123 1495 2169 accursusmcrs
1516 2124 1727 2171 occuramus.

227 2197 352 2243 conrad
373 2198 569 2243 naucranuu
589 2199 735 2244 soranum
756 2199 798 2242 nra
818 2198 895 2242 arun
915 2198 1021 2242 antur·
1711 2194 1720 2210 ’

265 2277 376 2334 rarus,
401 2277 496 2321 trusa
527 2277 647 2323 rtoruo
674 2276 848 2324 ruminat)
872 2276 1020 2323 nemauso
1056 2267 1060 2280 '

316 2382 571 2463 Catnpcraoimaa
585 2403 635 2446 aas
650 2402 752 2446 omues
765 2381 915 2446 editiones
932 2383 1026 2447 initio
1039 2383 1177 2444 Retracl.
1187 2386 1216 2442 ct
1228 2378 1387 2456 confess,
1401 2387 1424 2440 t.
1440 2381 1471 2455 l,
1483 2389 1678 2441 memoratas.
1728 2381 1771 2442 bl.

876 2504 1197 2562 &ammomum

421 2637 745 2713 domomum
767 2640 829 2714 ΙΝ
859 2638 1299 2726 SUBSEQUENTEM
1331 2637 1673 2712 sanatoribus.

960 2765 1145 2830 semet>

256 2877 410 2937 'iactatum
422 2876 551 2935 adsersus
576 2877 694 2948 auinaue
706 2876 845 2943 llaercses,
857 2889 937 2947 quern
961 2872 1088 2930 Erasmus
1107 2870 1224 2928 bominis
1242 2869 1337 2926 eruditi
1360 2869 1467 2942 attidem
1479 2912 1486 2936 ,
1500 2878 1528 2926 ct
1545 2871 1630 2940 arguti
1647 2878 1674 2926 et
1687 2870 1792 2928 facundi
1805 2887 1867 2928 csso

225 2979 381 3039 enumerat,
395 2984 447 3027 non
461 2977 551 3026 tamen
565 2970 715 3040 Augustini,
730 2968 781 3025 nisi
792 2972 870 3043 sorte,
883 2966 931 3035 ait,
941 2965 1044 3040 janeus
1059 2963 1175 3034 scripsit,
1185 2963 1333 3034 Augustino
1352 2962 1410 3017 siue
1425 2960 1596 3017 cunctatione
1609 2960 1763 3032 adjudicant
1777 2963 1864 3018 bava-

228 3063 337 3123 rdcascs
351 3070 379 3119 ct
392 3061 578 3129 bellarminus,
594 3059 692 3132 aliique
704 3059 862 3116 auctoritate
876 3057 965 3125 bedae,
975 3056 1022 3128 qui
1035 3071 1068 3112 ex
1082 3054 1169 3126 capite
1184 3053 1305 3125 ejusdcm
1321 3061 1450 3110 tractatas
1463 3063 1559 3122 quarto
1570 3060 1598 3108 et
1609 3052 1702 3124 quinto
1715 3055 1779 3111 cisa
1792 3071 1865 3125 ‹puar-

226 3156 291 3215 dsm
302 3155 330 3213 la
344 3164 425 3227 capnt
444 3154 560 3226 primum
581 3153 710 3224 Epistulae
725 3153 800 3209 Pauli
821 3151 854 3207 ad
875 3151 1020 3207 llomsnos.
1037 3150 1074 3205 Ea
1085 3149 1120 3206 de
1134 3148 1203 3204 lacta
1217 3148 1296 3204 acrba
1317 3148 1426 3202 nominc
1440 3148 1579 3218 Augustini
1593 3148 1673 3203 citata
1694 3149 1864 3218 reperiuntur

227 3262 282 3306 ron
291 3247 380 3304 solum
394 3247 421 3302 ln
435 3245 540 3318 vulgata
552 3242 633 3300 Beda
653 3244 811 3300 collectione
828 3242 871 3299 illa
884 3242 1021 3305 auctiore,
1032 3257 1092 3312 qum
1106 3240 1195 3297 narius
1217 3248 1258 3295 est
1281 3236 1301 3294 F
1304 3237 1353 3293 lori
1374 3236 1575 3309 Lugdunensis;
1591 3237 1638 3294 scd
1653 3239 1733 3294 etiam
1746 3238 1772 3293 io
1785 3240 1867 3296 altem

227 3344 299 3395 earu
312 3337 402 3403 Beda,
415 3351 476 3408 quas
489 3351 572 3408 penas
582 3351 631 3391 nos
643 3343 683 3392 cst
697 3334 802 3390 brevior
812 3334 838 3389 in
858 3333 968 3389 Paulum
981 3332 1124 3400 collectio,
1135 3331 1254 3387 nauatam
1274 3331 1344 3402 typis
1357 3331 1439 3386 edita.
1455 3329 1553 3387 Varrtm
1568 3346 1659 3386 sermo
1669 3331 1721 3391 istc
1735 3331 1822 3388 dictas
1835 3345 1868 3386 co

227 3436 348 3501 tempure
361 3428 582 3500 deprehenditur,
595 3445 650 3502 quo
665 3429 754 3485 Attica
767 3428 906 3484 tenebatur
919 3427 1077 3484 baianorum
1091 3425 1248 3494 dominatu,
1261 3425 1369 3496 qnartdo
1381 3426 1436 3496 iun
1450 3425 1607 3483 ortbodaxis
1622 3428 1792 3500 pastoribus,
1809 3429 1869 3484 aliis

227 3521 326 3580 exsilia
338 3536 386 3578 sco
399 3520 470 3592 luga,
483 3520 642 3577 sltismurte
655 3519 787 3587 sublatis,
807 3518 927 3575 baeretici
949 3516 1103 3573 catholicos
1114 3527 1142 3574 ct
1164 3517 1407 3574 concertationibus
1427 3519 1621 3584 sollicitabant,
1637 3529 1662 3575 at
1683 3520 1866 3590 largitionibus

228 3613 375 3684 pecuniane
389 3626 563 3683 corrumpere
576 3611 724 3667 tentabant.
740 3610 771 3672 ln
783 3611 871 3681 capite
883 3610 917 3675 d,
935 3608 983 3665 Ubi
996 3610 1071 3674 estis,
1087 3609 1185 3681 inquit,
1201 3611 1282 3681 lantes
1301 3610 1494 3682 languerunt?
1509 3611 1606 3678 Quibus
1619 3613 1738 3684 agricolis
1752 3612 1868 3685 lagatos?

229 3692 463 3768 mandanarum,
476 3702 522 3757 alii
536 3702 628 3774 sagati.
646 3700 682 3757 Et
693 3715 752 3772 cap.
767 3702 801 3767 7,
821 3699 976 3755 dduersatur
990 3696 1144 3772 (brianus),
1158 3699 1265 3766 timont,
1276 3700 1368 3772 litigat,
1384 3711 1498 3772 papam,
1514 3703 1601 3759 tardas
1613 3712 1766 3774 emgrepat,
1777 3713 1867 3758 cantra

228 3788 479 3847 Giristsmdimiect.
493 3788 545 3846 tlte
556 3795 704 3864 sanguinem
718 3788 795 3861 prdit,
809 3796 838 3844 att
847 3787 971 3856 radium
983 3787 1030 3843 iste
1039 3786 1174 3858 pecuniam
1190 3788 1310 3860 spargit,
1324 3797 1352 3843 at
1371 3791 1488 3861 parimas.
1506 3791 1608 3847 Similia
1631 3791 1755 3862 leguntur
1768 3794 1794 3848 in
1808 3808 1865 3849 set·

228 3881 337 3940 amnes
348 3881 381 3938 ad
394 3881 617 3947 catechumenos,
629 3897 657 3937 o.
670 3880 716 3945 st,
730 3888 757 3937 et
767 3895 893 3936 sermone
905 3878 940 3936 de
952 3879 1085 3949 Tempore
1099 3877 1248 3945 barbarica,
1259 3894 1288 3934 a.
1301 3880 1353 3947 ttl;
1368 3896 1428 3952 qum
1443 3890 1515 3938 tomo
1528 3890 1605 3939 sexto
1616 3925 1624 3950 ,
1636 3883 1663 3938 io
1676 3893 1781 3954 tempas
1796 3883 1867 3938 van-

227 3968 323 4028 dalicae
337 3971 529 4044 persecutionis
544 3979 604 4043 post
627 3969 767 4042 Augustini
774 3963 901 4026 'mortem
915 3968 1038 4027 excitatas
1055 3967 1198 4025 convenire
1211 3968 1425 4026 oberravimus.
1437 3971 1574 4039 Praeterea
1587 3971 1670 4029 dictio
1684 3988 1733 4028 occ
1746 3973 1812 4030 satis
1821 3989 1867 4031 ac·

228 4070 340 4133 ουτω,
352 4078 403 4121 nec
417 4073 471 4120 tam
489 4063 559 4122 scria
573 4072 722 4135 comanam
742 4063 811 4119 salct
831 4076 893 4129 esse
912 4060 1064 4133 Augustini.
1087 4058 1210 4132 Exempli
1222 4060 1322 4130 gratia,
1335 4061 1362 4117 ia
1375 4075 1436 4133 esp.
1447 4062 1482 4130 b,
1498 4061 1552 4119 bea
1570 4062 1642 4120 Patri
1652 4062 1686 4119 ad
1701 4065 1863 4137 gignendum

227 4152 328 4213 rutam
341 4155 463 4227 conjugis
475 4154 534 4212 ricc
545 4153 625 4212 luisse
638 4154 734 4220 bonam
756 4153 922 4219 volantatem
936 4151 1025 4209 docet.
1041 4151 1085 4209 Ad
1097 4151 1155 4208 lucc
1168 4150 1242 4227 quud
1254 4153 1419 4225 Augustinus
1431 4153 1457 4209 in
1469 4154 1621 4212 danatistas
1643 4155 1750 4227 scripsit
1761 4198 1768 4222 ,
1780 4156 1806 4213 id
1816 4171 1867 4211 au·

226 4253 289 4305 etur
300 4245 329 4301 ln
341 4243 456 4301 stlattas
466 4250 581 4316 torquet,
592 4258 651 4316 esp.
668 4244 703 4300 d:
718 4244 803 4310 Quare
812 4241 962 4315 litigamus?
975 4241 1006 4299 sa·
1028 4257 1080 4297 una
1103 4238 1176 4299 ndu
1197 4251 1234 4298 est
1245 4241 1396 4312 baereditas,
1410 4243 1488 4300 rimati
1510 4245 1702 4316 possideamus,
1715 4249 1808 4319 fratres
1820 4263 1866 4302 stt·

229 4345 360 4406 armeta.
382 4334 521 4394 Credimus
542 4335 632 4407 itaque
648 4333 749 4391 Bedam
768 4333 812 4389 bic
825 4375 832 4397 ,
847 4331 1073 4404 quemadmodum
1088 4340 1116 4389 ct
1130 4333 1158 4388 in
1177 4332 1312 4408 subdititia
1327 4333 1476 4393 Gallatione
1494 4349 1556 4392 cum
1576 4336 1729 4404 Passanda,
1740 4353 1821 4409 quarn
1838 4339 1866 4394 in

225 4428 342 4486 secundi
363 4427 428 4485 tomi
443 4426 618 4505 appendicem
629 4427 787 4498 rciccimus,
801 4425 945 4495 deceptum
957 4439 1017 4481 esse
1037 4439 1129 4481 errare
1142 4432 1263 4481 aeoertrm
1279 4425 1400 4481 codicum
1414 4426 1460 4498 qni
1479 4426 1550 4483 banc
1564 4436 1706 4485 tractatum
1719 4429 1867 4501 Augustino

223 4519 377 4592 assignant.
391 4518 476 4591 liujus
490 4519 551 4578 libri
563 4519 726 4577 mentionata
740 4518 803 4574 lacit
816 4517 993 4584 llincmarus,
1006 4516 1053 4574 lib.
1066 4517 1101 4574 dc
1112 4531 1166 4574 nou
1180 4516 1250 4589 trina
1265 4516 1388 4583 llaitatc,
1404 4526 1432 4574 et
1445 4519 1507 4590 quia
1521 4528 1713 4594 praceunacptm
1726 4521 1796 4576 illius
1808 4519 1853 4591 opi

230 4610 305 4669 niani
317 4608 395 4669 valde
407 4609 575 4668 incommodo
588 4619 665 4667 crant
680 4610 737 4665 baac
750 4607 844 4678 capitis
859 4607 876 4663 '1
888 4625 895 4663 ε
908 4604 1011 4677 Gratias
1024 4608 1080 4676 ttli,
1089 4622 1149 4664 nera
1160 4615 1184 4662 et
1198 4605 1481 4676 dannamaria
1495 4620 1563 4681 rnna
1577 4610 1690 4679 l'rritas,
1701 4611 1769 4665 trina
1779 4619 1802 4664 er
1814 4625 1864 4666 ant

218 4698 335 4767 -linltas,
350 4699 387 4757 ibi
400 4700 492 4756 multis
505 4699 659 4766 cantandit,
674 4715 690 4755 a
703 4698 797 4770 pagina
809 4698 912 4755 scilicet
928 4697 982 4755 450
993 4699 1026 4755 ad
1039 4698 1110 4767 tut,
1123 4712 1155 4754 ea
1165 4712 1189 4774 a
1214 4697 1324 4754 falsario
1336 4709 1364 4755 at
1376 4700 1522 4772 impostore
1536 4702 1627 4773 aliquo
1639 4701 1721 4756 luisse
1736 4699 1862 4763 immissa·

230 4792 260 4848 lu
280 4791 369 4849 lndicc
390 4791 504 4849 Possldil
523 4774 643 4848 natatum
663 4791 728 4848 dicit
746 4791 941 4857 bellarminus,
961 4790 988 4847 io
1010 4805 1044 4847 eu
1057 4789 1199 4858 videlicet,
1219 4806 1298 4862 ouem
1325 4793 1514 4863 interpolatum
1537 4792 1620 4850 edidit
1643 4791 1760 4848 ioannes
1782 4789 1862 4847 lilim·

231 4879 335 4938 suerius
347 4899 355 4936 a
368 4897 499 4954 nmquam
509 4897 574 4940 raro
586 4880 736 4950 incaeteris,
751 4891 807 4937 uno
821 4881 910 4948 editis,
926 4890 983 4938 tom
995 4883 1114 4953 scriptis,
1128 4896 1188 4953 qum
1197 4881 1289 4940 ridere
1304 4883 1383 4940 nobis
1392 4885 1480 4952 licuit,
1495 4881 1646 4941 Possidiaai
1657 4881 1756 4938 indicis
1770 4895 1867 4959 exom-

228 4970 352 5043 plsribus
364 4972 510 5030 invenitur.
520 4971 734 5044 Recognonimus
743 4972 896 5030 Traactatum
911 4982 938 5031 et
954 4973 1154 5031 emendavimus
1168 4973 1203 5031 ad
1214 4974 1321 5032 codices
1334 4975 1476 5033 Vaticanus
1489 4975 1594 5043 decem,
1610 4973 1644 5031 ad
1654 4973 1865 5034 Germaneosem

225 5076 327 5131 uuum,
341 5060 376 5119 ad
389 5063 587 5132 blicbaelinum,
599 5065 632 5121 ad
644 5065 849 5136 Ramigianum,
863 5064 897 5120 ad
913 5063 1142 5135 Ebrulpbensoot,
1157 5064 1190 5122 ad
1205 5067 1432 5138 druulpbcosem,
1446 5066 1480 5122 a'd
1490 5064 1705 5134 cisterciensem,
1720 5067 1754 5123 ad
1766 5065 1862 5124 Fossa·

121 5152 124 5159 '
229 5163 355 5223 tensam,
378 5154 412 5212 ad
434 5152 635 5222 dulbertinum,
656 5154 689 5210 ad
712 5154 832 5212 cadiccm
851 5154 883 5211 ll.
902 5152 933 5211 C.
952 5154 1054 5212 domini
1074 5154 1109 5212 dc
1129 5156 1220 5213 llaran
1247 5157 1395 5221 Tolosatis,
1417 5156 1451 5212 ad
1474 5156 1658 5213 Turooeuscm
1688 5156 1718 5214 S.
1739 5157 1865 5223 datiani,

228 5255 258 5305 et
268 5244 303 5302 ad
322 5245 404 5302 alium
419 5242 547 5302 Ecclesia
564 5242 752 5316 Lugdunensis
768 5244 888 5302 codicem
902 5284 910 5311 ,
926 5244 952 5300 in
967 5244 1063 5316 quibus
1075 5246 1230 5304 inscribitur
1251 5245 1363 5304 Libellus
1384 5246 1505 5302 adnatat
1526 5247 1638 5318 quinque
1666 5249 1788 5317 beraea,
1810 5248 1868 5305 sinc

228 5346 318 5394 matra
347 5336 458 5411 asiaque
480 5336 591 5394 bostiam
615 5348 728 5408 generag
752 5335 814 5407 quia
840 5348 938 5406 ncmpe
960 5344 1003 5393 cst
1024 5344 1116 5393 cantra
1139 5336 1280 5410 Pagrum,
1305 5334 1631 5409 rocambarbaram,
1652 5339 1870 5408 Sabelliancsct

232 5430 356 5489 brianus.

806 5505 837 5522 ”
943 5551 1154 5617 amasso
