3938 6360
256 244 306 303 th
662 238 800 296 CONTRA
819 235 979 294 Faustule
997 233 1219 303 hthlCllAEllll,
1239 236 1268 292 S.
1289 235 1469 295 nbcusttttt
1837 240 1895 299 852

257 359 357 412 srimns
371 352 455 424 :qnod
472 366 539 406 ttuue
553 348 693 406 ostendere
708 349 731 405 si
743 349 837 416 selim,
848 347 928 402 ulmis
937 347 1043 417 longum
1101 347 1174 398 ιιιιιιιι
1187 347 1219 401 αι
1233 348 1326 401 oriente
1340 358 1364 402 es
1377 349 1503 405 occidente
1515 349 1622 417 uenient,
1636 359 1660 405 et
1670 350 1819 408 recendens
1831 368 1891 409 sest

257 447 318 502 erit.

294 532 406 591 eatur
425 531 556 588 xxttt.-
575 527 649 586 llnde
664 537 763 584 tantum
778 529 853 583 abest
866 536 897 607 ιιι1
908 526 960 581 hoe
974 525 1044 595 quud
1098 534 1146 579 tent
1160 527 1231 597 requi
1242 525 1312 581 ibunt
1324 528 1350 582 ιιι
1365 528 1477 583 tenebret
1491 530 1646 605 exteriores(
1659 530 1755 588 haurn.
1769 548 1827 600 unt,
1844 534 1891 591 lb·

259 626 372 681 Faustus
385 620 614 684 commemorarit,
632 625 770 699 propterca
795 632 848 672 non
869 616 998 686 pertineat
1012 615 1044 669 ad
1099 614 1154 683 ιι).
1174 616 1201 670 Si
1228 631 1307 687 ergo,
1323 618 1392 687 quod
1408 633 1504 689 negare
1516 618 1629 675 Faustus
1650 637 1702 675 num
1717 630 1819 691 potest,
1833 640 1887 681 non

258 715 401 774 Chrlstum,
414 712 474 780 qnia
498 711 677 766 intercutem
702 707 840 761 maledieta
858 707 972 776 positum
987 713 1043 769 est;
1097 707 1291 761 commendauit
1310 707 1414 779 lloyses
1427 710 1524 779 populo
1534 709 1614 766 lsrael
1628 711 1721 777 llettm,
1737 714 1789 769 nini
1800 714 1887 771 heum

257 814 286 859 ut
300 820 349 859 nec
362 805 418 874 ipsa
432 811 528 858 cetera
543 809 643 856 rectum
670 799 785 854 ltalreaut
798 798 979 861 intellectum,
995 797 1045 851 nisi
1098 794 1242 862 Abraham,
1258 804 1283 850 et
1298 796 1380 859 lsaac,
1393 805 1420 852 et
1432 796 1525 861 laceb,
1538 813 1653 870 eumque
1666 794 1887 869 i'psontcbrietne

1099 435 1235 504 ddrotram,
1249 450 1272 490 et
1286 436 1370 503 lenae,
1385 450 1409 493 et
1420 438 1500 494 docel
1510 441 1537 495 in
1550 457 1628 512 reque
1637 443 1769 508 celante:
1783 443 1891 513 filiius·

257 896 290 952 ιι
306 895 404 951 Christi
424 894 554 965 gloriam,
570 907 620 963 qua
635 891 725 962 generi
748 891 865 944 humano
879 890 1042 951 consulitur,
1097 901 1129 941 ex
1146 884 1188 940 his
1199 896 1225 941 ct
1238 888 1296 942 aliis
1315 889 1473 945 testimoniis
1495 892 1554 946 siue
1567 891 1732 948 dubitatione
1744 909 1886 951 commea·

163 1007 174 1018 ·
258 986 412 1056 prophetata
427 982 591 1038 reserantur:
606 977 967 1050 qrtamomagishocthod
982 977 1043 1031 etsi
1097 976 1159 1040 dat;
1174 986 1403 1035 nonestconatus
1422 981 1496 1036 illum
1514 983 1639 1051 populum
1662 994 1813 1040 arertcree
1830 986 1887 1042 ooo

260 1074 319 1128 talis
334 1073 427 1128 inisset
448 1072 567 1143 llupses,
583 1078 612 1123 ιιι
632 1068 703 1123 aliud
719 1068 800 1124 eorrle
820 1069 925 1122 imuens¹
937 1107 945 1132 ,
958 1067 983 1122 ht
998 1081 1045 1120 ore
1097 1082 1146 1122 suo
1163 1086 1170 1121 :
1186 1068 1232 1122 sed
1249 1068 1308 1122 ideo
1321 1070 1434 1124 minatus
1444 1079 1485 1126 est
1495 1086 1542 1126 eos
1556 1072 1637 1127 ituros
1658 1073 1685 1127 in
1700 1074 1826 1129 tenebras
1839 1091 1887 1131 es·

258 1165 396 1228 ιιιιιιιιιιιις
414 1162 514 1217 facilius
526 1176 587 1216 eum
602 1159 717 1214 dicerem
739 1157 909 1233 prophetasse
925 1156 1046 1211 nesciun-

257 1263 328 1315 tent,
343 1267 421 1322 qnam
434 1266 494 1307 cum
508 1249 626 1304 audirem
646 1246 744 1316 populo
757 1245 908 1301 iudeorum
929 1245 1043 1306 dictum,

262 1341 363 1397 Videbis
376 1343 451 1396 citum
462 1351 532 1394 tuum
545 1339 702 1410 pendentem,
719 1346 742 1391 et
755 1352 804 1389 tren
814 1334 899 1389 credes
911 1335 967 1388 titre
976 1342 1043 1397 tute,

255 1433 292 1489 de
304 1431 408 1488 Christo
416 1430 600 1502 prophchrtnm
616 1440 750 1497 negarem.
762 1424 854 1494 Neque
862 1423 931 1477 caim
947 1421 1045 1477 hocin·

260 1524 383 1580 tuebatur
394 1524 483 1579 animo
494 1519 620 1589 caiphas,
634 1516 704 1589 qnod
721 1533 752 1572 es
767 1513 856 1571 uerbis
869 1515 928 1583 ejas
942 1513 1043 1568 intelle·

256 1623 328 1668 ctum
343 1620 393 1678 est,
409 1626 470 1666 eum
484 1609 619 1664 Christum
631 1615 659 1660 ut
671 1605 808 1660 inimicum
819 1618 981 1675 persequens
991 1604 1046 1667 ,uit

257 1700 384 1772 expedire
396 1709 425 1755 ut
444 1713 511 1753 unns
529 1696 608 1751 ltomo
630 1705 787 1762 moreretur,
811 1709 845 1747 ne
868 1691 967 1762 periret
991 1700 1043 1745 tota

257 1806 333 1862 gens.
356 1788 406 1846 Ubi
432 1787 599 1856 Eratrgellsta
619 1784 747 1855 subiecit,
762 1784 813 1838 lme
836 1798 897 1838 euru
921 1795 1044 1837 neusse

256 1881 366 1946 dixisse,
380 1877 426 1933 scd
439 1891 499 1932 enm
510 1884 581 1931 esset
590 1872 707 1944 portuen
722 1871 895 1943 prophetasse
906 1868 995 1943 (loen.
1004 1885 1042 1936 at,

256 1970 292 2026 ιιι
308 1969 365 2040 st).
380 1967 433 2024 Sed
443 1967 547 2039 ttnyses
572 1980 625 2020 non
645 1972 702 2021 erat
725 1962 839 2032 Caiphas
853 1978 860 2015 ι
873 1976 956 2031 quare
980 1958 1044 2015 illud

221 2064 223 2069 ’
255 2059 327 2131 quod
341 2057 437 2128 populo
459 2054 572 2110 llebrteo
591 2053 674 2117 dixit,
693 2051 794 2107 Videbis
814 2051 889 2104 eitam
901 2060 969 2104 tuens
981 2067 1044 2121 pen·

256 2151 365 2211 dentem,
379 2156 403 2201 et
415 2162 463 2199 non
475 2144 560 2199 medes
575 2142 706 2206 sintne,-
720 2156 773 2197 non
795 2141 879 2195 solnm
894 2138 928 2195 de
938 2138 1044 2195 Christo

257 2238 334 2306 dixit,
349 2235 418 2308 quod
430 2235 480 2291 etsi
494 2234 615 2289 nesciens
627 2232 747 2297 dixisset,
760 2230 874 2285 denollo
886 2228 1045 2286 allodisisse

256 2327 369 2383 deberet
382 2327 508 2397 intelligi;
522 2339 612 2380 rerum
625 2324 704 2378 etiam
713 2323 800 2378 scieas
813 2321 888 2377 dixit.
903 2320 967 2376 Erat
973 2320 1044 2376 enim

258 2416 429 2471 fidelissimus
439 2414 608 2484 dispensator
619 2412 765 2483 prophetici
780 2397 949 2477 sacmrrrenti,
957 2410 982 2465 id
992 2420 1043 2476 est,

252 2508 329 2562 ·ilttns
352 2506 523 2561 sacerdotatis
548 2502 717 2567 chrismatis,
732 2501 803 2556 unde
826 2500 923 2555 Christi
946 2514 1043 2555 nomen

259 2595 427 2666 agnoscimus
442 2609 449 2648 t
465 2596 552 2664 inquo
563 2600 745 2657 sacramento,
757 2592 876 2660 quamuis
890 2588 970 2644 homo
982 2605 1043 2659 pes-

258 2685 351 2751 simus,
363 2684 478 2754 caiphas
491 2683 570 2738 etlam
583 2682 705 2737 nesciens
720 2680 803 2751 potuit
812 2679 980 2750 prophetare.
989 2679 1044 2734 lloc

257 2775 354 2846 qnippe
368 2774 394 2828 in
404 2788 437 2828 eo
449 2773 503 2843 egit
515 2771 697 2842 propheticum
712 2769 843 2834 chrisma,
859 2778 887 2824 ut
900 2769 1041 2838 propheta-

257 2870 317 2919 ret:
329 2863 379 2918 boc
391 2862 541 2918 autemuita
555 2861 650 2932 impia,
668 2870 697 2915 ut
720 2863 842 2916 nesciens
864 2860 1042 2930 prophetaret.

257 2952 316 3021 Quo
336 2954 423 3023 imque
435 2968 482 3008 ore
495 2951 591 3007 dicitur
603 2951 668 3007 nihil
689 2952 724 3007 de
744 2952 851 3007 Christo
870 2952 1043 3022 prophetasse

256 3044 371 3115 lloyses,
382 3057 399 3098 a
410 3057 461 3112 quo
474 3042 536 3097 ιιιιιιι
555 3041 670 3097 chrisma
683 3043 781 3113 ccepit,
797 3042 866 3097 nude
878 3042 975 3098 Christi
996 3058 1044 3098 no-

172 3123 178 3131 ’
256 3150 317 3191 rnen
331 3134 461 3200 innotuit,
489 3143 515 3188 et
530 3131 600 3187 uude
619 3131 753 3189 Christum
781 3135 862 3189 etiam
888 3143 1043 3205 perseeutor

254 3221 354 3280 Christi
369 3223 409 3277 rel
423 3222 544 3277 nesciens
554 3221 719 3292 prophetarit
733 3223 746 3277 ι

290 3312 404 3371 cuent
420 3311 517 3369 xxtv.
536 3312 641 3368 -llam
665 3310 700 3369 de
712 3313 853 3369 maledieto
865 3311 1004 3384 pendentis
1014 3314 1041 3369 in

254 3404 338 3474 ligno,
349 3404 404 3473 jam
416 3412 542 3473 quautam
563 3404 627 3458 sutis
642 3406 726 3458 risum
750 3411 809 3470 est,
825 3403 1041 3473 supradiximus.

256 3490 469 3546 latterssciendum
483 3501 571 3545 autem
585 3505 645 3546 esse
658 3491 812 3561 prophetam
827 3492 883 3547 siro
897 3492 1042 3564 principem

257 3580 365 3650 populi,
378 3581 426 3649 qui
446 3580 515 3635 tilios
540 3581 645 3635 lsraela
669 3581 725 3636 lleo
747 3595 797 3636 sno
810 3582 890 3637 uellet
903 3592 1041 3649 auertere,

259 3668 401 3747 aliquodve
432 3668 576 3739 intringere
606 3669 809 3736 mandatorum,
834 3688 888 3726 noa
914 3673 1043 3728 arltersus

256 3760 392 3816 Christum
404 3761 561 3830 precepisse
571 3758 689 3830 lloysen,
701 3771 727 3814 et
737 3774 769 3814 es
780 3759 822 3815 ltis
834 3761 953 3832 quiajam
961 3762 1042 3817 multa

258 3850 378 3921 egimus,
393 3850 458 3904 satis
471 3842 573 3903 clarum
588 3858 647 3913 est,
661 3856 688 3903 et
700 3849 783 3919 ntagis
797 3851 932 3920 magisque
953 3852 1042 3905 consi·

257 3941 360 3996 derami
370 3939 439 3994 dicte
450 3948 476 3994 et
488 3937 556 3993 iacta
572 3937 674 3992 bomini
685 3939 767 3994 nostri
780 3938 842 3994 Jesn
854 3939 972 4007 citimi,
984 3956 1042 3995 ma·

253 4030 299 4102 gis
321 4030 458 4101 magisque
478 4027 587 4084 clarebit
601 4044 609 4081 a
623 4027 684 4096 quta
708 4043 757 4082 nec
778 4042 793 4082 a
820 4044 869 4082 ruo
894 4028 948 4083 lieo
963 4029 1043 4084 rolnit

254 4136 416 4193 quemquem
430 4134 522 4176 eorum
543 4117 665 4174 Christus
687 4125 818 4173 auertere.
841 4118 911 4174 heus
927 4121 1041 4190 quippe,

254 4230 335 4287 qoem
351 4213 404 4269 iltis
415 4213 519 4285 ilopsee
531 4209 692 4282 diligendum
708 4209 900 4279 colendumque
909 4225 1042 4281 princepe·

238 4314 315 4370 «rat,
329 4306 385 4375 ipse
393 4313 435 4360 est
446 4311 520 4359 certe
532 4303 601 4358 heus
612 4299 746 4356 Abraham
758 4341 766 4367 ,
780 4308 808 4355 et
828 4300 995 4364 bernhario,
1016 4310 1043 4355 rt

257 4397 328 4452 Deus
341 4393 439 4461 iacob,
454 4409 533 4465 quem
559 4392 686 4447 hominus
705 4389 784 4447 lesus
805 4390 927 4446 Christus
950 4390 1041 4446 eadem

234 4485 486 4540 ··eommeudatioue
515 4490 724 4549 commemorat,
751 4486 862 4551 elusqne
885 4481 1042 4537 auctoritate

257 4573 463 4629 Sadducaeorum
477 4572 573 4628 retellit
582 4587 700 4628 errorem
713 4571 934 4626 resurrectionem
944 4585 1043 4641 negan-

253 4666 337 4728 tium,
353 4663 396 4716 ubi
415 4660 469 4727 alt,
483 4660 522 4714 lle
534 4659 713 4715 resonatione
725 4669 809 4715 nutem
822 4669 979 4715 mortuorunt
991 4676 1041 4715 non

255 4753 349 4824 legistis
360 4752 421 4824 quld
435 4749 504 4804 Deus
517 4752 614 4805 locutus
625 4752 657 4805 sit
671 4749 703 4804 de
713 4750 775 4805 rubo
796 4750 832 4804 od
845 4749 872 4805 ιι
876 4767 952 4822 epten
963 4790 971 4817 ,
986 4749 1042 4821 ιρι)

254 4859 312 4898 sum
325 4842 393 4897 Deus
406 4841 544 4904 Abrohom,
557 4850 581 4894 et
606 4840 673 4895 Drse
697 4839 783 4905 lenae,
800 4851 825 4896 et
852 4841 921 4897 Deus
939 4840 1042 4897 decoll

256 4930 318 4987 Nan
331 4940 367 5002 eet
380 4929 447 4986 [less
463 4928 688 4993 metuerentur
710 4929 821 4983 tinorum
846 4928 955 4999 (Ιαιιιι.
971 4945 1038 4997 un,

255 5022 300 5089 51,
314 5021 366 5089 32,
380 5029 403 5076 et
416 5019 483 5074 tec.
502 5034 548 5083 u,
563 5018 608 5083 δι,
620 5017 667 5089 58)
682 5034 691 5071 t
706 5032 792 5071 emeres
815 5018 883 5073 enine
894 5019 933 5073 illi
944 5019 1039 5074 eiusne

253 5112 408 5183 Opportune
419 5111 507 5180 tuque
519 5107 612 5166 eedem
622 5121 687 5163 uoce
698 5120 769 5162 aune
779 5107 974 5163 coartnnrmor
984 5108 1040 5163 lla·

243 5188 367 5269 nichel,
391 5215 442 5271 qua
462 5209 525 5255 tune
537 5196 650 5254 conum
674 5204 736 5252 sunt
758 5195 919 5253 Sadducaei:
935 5209 1039 5255 namet

254 5292 337 5364 ιριιιιι
351 5290 573 5347 resurrectionem
583 5289 637 5343 alio
651 5286 759 5357 quidem
774 5289 872 5352 morto,
887 5288 934 5342 sed
949 5296 1037 5352 tamen

247 5384 334 5440 etlam
356 5382 400 5437 isti
420 5389 526 5450 umam.
539 5380 603 5435 ltem
616 5393 678 5434 cum
692 5377 771 5433 lldcm
791 5374 959 5443 centurionis
983 5379 1038 5435 lau-

250 5473 319 5530 tlsas
331 5475 441 5536 dioerct,
451 5472 528 5524 hutten
538 5470 594 5524 dieo
608 5469 686 5535 eolis,
696 5486 746 5523 non
758 5469 842 5524 inueni
851 5477 948 5522 tentant
960 5470 1037 5537 tidem

251 5568 278 5618 iu
294 5566 388 5627 lsrael:
402 5564 498 5635 adjecit
519 5573 545 5618 et
558 5563 611 5625 ait,
632 5560 693 5615 llice
707 5572 790 5615 nutrut
812 5560 894 5624 eolis,
917 5563 1035 5624 quostiam

1098 1157 1218 1237 teriores,
1231 1158 1301 1228 qrtod
1319 1173 1429 1215 auersos
1444 1161 1574 1216 videreta
1597 1162 1651 1217 liro
1668 1177 1737 1229 suo,
1761 1164 1789 1218 in
1807 1165 1886 1231 cuins

1096 1260 1178 1317 regno
1191 1247 1403 1302 Gentesrocatas
1416 1264 1448 1304 ex
1461 1258 1516 1304 toto
1526 1249 1590 1304 orbe
1598 1254 1887 1317 terrarumrecnhitn·

1096 1336 1885 1409 resdicitcnmAbraham,etlsaae,etlacoh:nonobalind

1096 1424 1252 1495 (putantquod
1263 1425 1350 1492 tlrlem,
1369 1426 1513 1481 tomuissent
1522 1428 1567 1482 bei
1580 1426 1756 1495 hbraham,et
1765 1428 1888 1497 isaac,et
1941 1478 1945 1485 .

1095 1515 1186 1571 Jacob.
1195 1515 1271 1572 lltule
1282 1525 1309 1571 et
1319 1517 1459 1587 Apostolus
1475 1517 1549 1583 riteh,
1560 1517 1699 1573 Providens
1710 1529 1794 1573 trustem
1814 1520 1888 1575 Seri·

1096 1617 1183 1677 ptura,
1195 1609 1254 1676 quio
1263 1622 1294 1662 ee
1304 1608 1355 1676 fide
1367 1608 1489 1678 justificat
1505 1608 1595 1664 Gentes
1608 1608 1694 1674 Deus,
1709 1611 1887 1678 praenuntiatis

1095 1697 1304 1765 Ahrnhoedicene,
1312 1696 1345 1752 lu
1357 1700 1449 1753 mittiue
1460 1710 1502 1753 tuo
1517 1700 1690 1756 betredicentur
1702 1718 1788 1757 onmes
1800 1714 1888 1774 pentus

1096 1784 1193 1857 (Galat.
1205 1802 1242 1854 ιιι,
1250 1786 1288 1857 8);
1298 1795 1326 1841 ιιι
1336 1787 1373 1841 illi
1381 1788 1483 1843 scillcet
1496 1788 1522 1843 ιιι
1531 1790 1632 1845 sentiae
1646 1789 1760 1845 hltmlue
1776 1792 1887 1847 benedi·

1095 1885 1228 1939 ceremur,
1244 1876 1288 1945 qui
1302 1875 1415 1931 Abrahae
1431 1870 1509 1932 tidem
1531 1879 1708 1933 imitarentur.
1729 1879 1786 1935 Non
1806 1880 1887 1950 lg‘tnr

1095 1966 1216 2022 Christus
1225 1966 1355 2022 lsraelitas
1370 1983 1383 2019 a
1396 1968 1509 2024 Deosuo
1525 1968 1629 2024 rolchat
1638 1979 1770 2037 auertere,
1781 1970 1828 2026 sed
1839 1985 1887 2027 ests

1096 2050 1684 2131 postusqriouabhtoaverteremurargnetrat
1701 2060 1886 2117 llnrrdatnrum

1095 2160 1181 2204 autem
1190 2149 1296 2218 aliquod
1307 2164 1398 2205 eornm
1408 2166 1467 2221 quae
1478 2167 1525 2221 per
1534 2151 1640 2223 lloysen
1653 2151 1714 2207 dats
1722 2151 1884 2219 snm,·inlro·

1095 2243 1165 2313 gisse
1180 2243 1317 2296 llurttinum
1332 2243 1376 2312 qui
1392 2243 1546 2307 arbitratur,
1560 2259 1612 2298 tum
1624 2244 1721 2299 utlrnm
1733 2245 1756 2299 si
1770 2245 1821 2300 lme
1835 2260 1884 2314 pu·

1096 2342 1134 2388 tat
1148 2333 1217 2404 qnod
1231 2333 1334 2390 ludaei:
1350 2334 1397 2389 sed
1409 2334 1469 2389 idm)
1480 2344 1568 2401 errat,
1580 2334 1640 2404 quia
1658 2334 1685 2403 in
1701 2337 1753 2389 hoc
1775 2350 1885 2390 errare·

1095 2433 1156 2479 runt
1166 2434 1192 2479 ct
1205 2423 1300 2479 lrrdtci.
1311 2423 1362 2481 llbi
1371 2434 1460 2480 autem
1469 2424 1583 2480 Faustus
1595 2435 1788 2480 commemorat
1795 2425 1883 2494 ipsura

1096 2518 1260 2583 mandatnm,
1272 2518 1344 2588 quod
1369 2518 1507 2573 bontinum
1520 2517 1659 2587 infregisse
1673 2517 1732 2572 roh
1741 2516 1832 2582 credi,
1849 2516 1885 2570 ιιι

1095 2622 1162 2679 opus
1175 2617 1217 2662 est
1231 2616 1259 2663 ut
1270 2606 1441 2662 ostendamus
1454 2607 1588 2677 quomodo
1603 2605 1718 2673 fallatur,
1742 2606 1812 2661 sieut
1828 2606 1884 2677 jam

1094 2714 1185 2769 supra,
1198 2698 1242 2753 ubi
1255 2699 1411 2769 oportebat,
1433 2697 1608 2754 ostendimus.
1632 2696 1709 2752 Nune
1728 2695 1794 2752 lllud
1805 2697 1884 2765 dico,

1095 2789 1188 2859 quiesi
1203 2788 1309 2858 aliquod
1324 2789 1428 2843 illomm
1448 2789 1632 2843 mandatomm
1649 2787 1776 2843 llominns
1798 2785 1883 2841 inlue-

1093 2879 1186 2949 gisset,
1199 2893 1251 2931 non
1263 2878 1343 2932 etiam
1357 2876 1391 2933 de
1403 2878 1454 2933 hoc
1464 2876 1522 2948 ipso
1534 2876 1640 2932 ludaeos
1652 2877 1783 2946 arguisset
1799 2894 1806 2930 ε
1820 2882 1881 2947 qni·

1094 2966 1143 3022 bns
1157 2966 1377 3021 calumniantibus
1388 2966 1457 3036 quod
1471 2966 1591 3035 discipuli
1602 2965 1659 3035 eiras
1670 2965 1751 3020 illotis
1761 2968 1884 3022 matribus

1094 3056 1292 3116 manducarent,
1308 3063 1335 3111 ct
1358 3054 1392 3109 ob
1411 3055 1462 3110 lme
1473 3055 1641 3120 excederent,
1656 3070 1709 3110 non
1730 3054 1882 3109 mandatnm

1094 3145 1150 3210 uei,
1165 3144 1211 3200 sed
1227 3145 1381 3200 traditiones
1392 3143 1537 3208 scalmum,
1563 3143 1601 3197 ait
1616 3144 1678 3210 illis,
1693 3142 1790 3216 [ltquid
1800 3152 1824 3198 et
1838 3160 1882 3199 rue

1094 3236 1295 3308 transpredintini
1303 3235 1449 3289 mundatum
1457 3233 1515 3301 liei,
1527 3244 1554 3288 ut
1566 3234 1712 3288 traditiones
1725 3245 1820 3289 uestrae
1831 3244 1884 3291 stu·

1094 3328 1189 3385 tradet
1208 3327 1348 3399 lpsumquc
1361 3326 1407 3381 liei
1420 3325 1571 3381 mandatum
1592 3334 1799 3390 oommcmorst,
1812 3324 1882 3396 qnod

1093 3433 1142 3491 per
1151 3418 1257 3490 llopsen
1273 3416 1424 3473 mandatum
1442 3432 1502 3472 esse
1517 3416 1648 3470 norimus.
1659 3414 1773 3472 Securum
1786 3417 1883 3487 qnippe

1093 3509 1148 3576 eit,
1172 3508 1240 3563 Deus
1261 3509 1327 3562 enim
1347 3508 1421 3570 etett,
1445 3505 1549 3560 Horrore
1564 3517 1661 3576 patrem
1674 3515 1698 3559 et
1713 3517 1829 3569 matrerm
1840 3515 1880 3569 et,

1095 3597 1147 3667 Qui
1161 3598 1317 3653 maledixerit
1330 3600 1450 3670 patriast
1465 3598 1549 3665 tnotri,
1570 3607 1650 3652 nrorte
1664 3598 1786 3652 moriente
1795 3598 1815 3655 ι.
1834 3597 1883 3651 ιιι

1094 3699 1176 3742 nutem
1191 3689 1283 3753 dicitis,
1300 3690 1455 3758 hrrtcaanpn
1467 3688 1559 3742 dieerr't
1572 3688 1640 3759 putri
1650 3687 1689 3742 eet
1710 3688 1803 3755 attatei,
1819 3686 1881 3741 ttr-

1096 3795 1143 3833 uus
1160 3779 1229 3850 quod
1237 3790 1273 3833 est
1283 3796 1315 3834 ee
1332 3796 1389 3843 ute,
1406 3779 1548 3847 proderit',
1570 3795 1620 3832 non
1642 3778 1774 3833 honorabit
1785 3786 1881 3850 petrem

1093 3885 1167 3923 stntm
1182 3883 1191 3922 .·
1205 3879 1228 3922 et
1240 3864 1339 3922 irritam
1359 3870 1453 3938 fecistis
1478 3868 1578 3923 umbram
1599 3868 1648 3922 Dei
1661 3883 1764 3940 propter
1775 3880 1881 3926 uestrum

1095 3959 1253 4012 traditionem
1272 3958 1378 4029 (ltetth.
1399 3974 1443 4020 ur,
1458 3958 1527 4028 5-6).
1540 3958 1596 4026 Qua
1612 3958 1638 4012 in
1653 3973 1682 4014 re
1700 3958 1789 4015 ridete
1802 3974 1880 4032 qnam

1095 4051 1175 4105 malm
1191 4065 1241 4104 nos
1250 4050 1354 4113 dtrceat,
1370 4060 1397 4105 et
1409 4050 1516 4106 ludios
1528 4065 1544 4105 a
1557 4051 1611 4105 lieo
1623 4065 1673 4104 suo
1695 4065 1724 4105 se
1739 4065 1792 4107 non
1806 4066 1881 4108 arer-

1095 4147 1168 4207 tero;
1192 4150 1221 4196 et
1242 4141 1301 4211 ejus
1325 4140 1448 4196 mandata
1468 4157 1520 4195 nan
1540 4149 1643 4196 tantum
1663 4155 1693 4196 se
1713 4156 1766 4197 nan
1786 4140 1880 4197 inirin-

1093 4247 1175 4303 gcre,
1201 4245 1292 4286 rerum
1316 4231 1395 4285 etiam
1421 4230 1480 4285 illos
1499 4245 1513 4283 a
1533 4229 1629 4299 quibus
1654 4228 1878 4301 infringerentur,

1094 4339 1204 4395 argarere
1214 4341 1221 4389 ;
1232 4333 1259 4379 et
1272 4337 1323 4377 non
1334 4325 1383 4376 nisi
1396 4322 1479 4376 licum
1491 4337 1538 4390 per
1546 4308 1656 4392 'lloysen
1668 4321 1717 4376 ista
1728 4320 1877 4377 mandasse.

1128 4434 1240 4491 catut
1259 4431 1341 4488 XXV.
1352 4463 1387 4475 -
1398 4410 1575 4500 Quamobrem
1588 4432 1712 4501 qnoniam
1726 4445 1776 4487 nos
1793 4430 1879 4487 credi·

1093 4538 1153 4579 mus
1166 4523 1253 4578 omnia
1266 4537 1325 4593 qnae
1337 4521 1443 4591 scripsit
1456 4520 1572 4592 bloyses,
1586 4519 1619 4575 ad
1632 4518 1730 4576 Christi
1743 4534 1879 4576 commen·

1092 4607 1227 4668 dationem
1238 4611 1380 4681 pertinere.
1391 4608 1463 4679 quud
1474 4610 1525 4663 isto
1534 4623 1616 4678 opere
1625 4607 1684 4678 quia
1695 4607 1880 4663 demonstrare

1002 4750 1010 4762 .
1093 4718 1145 4758 non
1159 4715 1315 4773 possuimus,
1333 4700 1441 4770 polliciti
1460 4713 1557 4754 sunaus
1574 4698 1600 4753 ιιι
1616 4698 1648 4752 iis
1661 4697 1712 4753 hoc
1725 4697 1878 4764 ostendere,

1092 4812 1151 4867 qam
1170 4793 1281 4849 Faustus
1302 4791 1336 4846 de
1357 4791 1399 4844 illa
1419 4789 1548 4859 scriptura
1565 4787 1708 4843 retellcnda
1720 4786 1762 4841 rel
1774 4787 1878 4857 uitupe-

1093 4885 1174 4941 tamla
1191 4880 1329 4952 delegerit,
1352 4888 1424 4935 recte
1444 4880 1551 4934 anobis
1569 4878 1687 4933 debitum
1706 4877 1831 4947 erigitur,
1850 4887 1878 4931 ut

1092 4977 1143 5031 hoc
1154 4973 1245 5036 etiam,
1257 4969 1326 5042 qnod
1342 4969 1467 5040 precepit
1476 4968 1580 5040 llopses
1593 4965 1805 5022 interficiendum
1818 4979 1879 5021 esse

1090 5060 1247 5135 prophetam
1263 5061 1319 5114 sire
1337 5058 1501 5129 principem,
1517 5058 1561 5128 qul
1575 5072 1650 5111 eosa
1666 5054 1720 5111 lico
1733 5070 1783 5111 suo
1798 5052 1878 5109 uell.·t

1090 5164 1224 5219 auertere,
1238 5150 1379 5221 aliquodue
1395 5149 1541 5218 infringere
1559 5146 1763 5211 mandatorum,
1786 5156 1877 5202 osten-

1090 5245 1185 5301 damus
1197 5242 1229 5297 ad
1242 5240 1441 5297 custodiendam
1456 5238 1544 5303 tidem,
1561 5255 1619 5309 qum
1632 5238 1658 5292 iu
1672 5237 1791 5292 Ecclesia
1802 5233 1878 5290 Clnl·

1089 5334 1122 5390 sti
1146 5331 1271 5395 discitur,
1296 5330 1439 5399 pertinere.
1462 5327 1574 5383 Videbat
1594 5328 1691 5398 qnippe
1714 5327 1759 5381 ille
1782 5324 1876 5393 spiritu

1121 5446 1128 5477 ¹
1146 5452 1197 5492 nm.
1208 5447 1246 5490 tr.
1255 5449 1282 5492 et
1289 5440 1454 5490 cisterciensis
1465 5447 1516 5499 us..
1527 5444 1603 5489 nnete
1612 5437 1738 5489 penaten

1119 5508 1130 5539 ¹
1147 5500 1386 5563 retegentem:
1403 5508 1488 5550 nunus
1506 5499 1570 5557 quod
1589 5504 1716 5549 essentne
1731 5494 1775 5547 tibi
1792 5504 1876 5559 prum.

1090 5567 1196 5625 uulgata,
1209 5575 1295 5612 numius
1305 5561 1469 5624 euudcmnque
1479 5565 1514 5610 est
1523 5571 1556 5609 ee
1566 5571 1604 5609 me
1612 5558 1657 5611 titt
1668 5556 1784 5608 oroderu't.
1815 5561 1845 5605 tt.
