3938 6360
84 303 139 373 iti
159 366 167 375 .

84 412 229 487 Apostolus
239 410 333 467 rolens
342 407 477 465 insinuare
486 405 565 476 arrato
576 416 672 474 corruas
683 400 814 472 iustorum
828 413 874 468 per

84 502 296 562 immutationem
312 501 337 554 in
352 495 548 554 resurreetione
562 495 679 549 futurum
691 492 735 554 sit.
750 490 810 560 quein
825 504 876 543 non

85 597 188 656 nubem,
204 608 283 662 neque
296 606 387 645 uxores
400 589 501 654 discent,
515 585 559 640 sed
572 592 644 639 eruut
661 583 725 638 sicut
744 579 835 652 Anpeli
848 579 876 635 itt

85 683 155 740 cerlis
166 681 272 756 (Martie.
288 679 413 750 resendii)
426 697 432 731 :
446 677 514 733 trane
529 689 592 746 ergo
607 673 818 731 immutationem
834 669 876 724 lu·

87 764 172 829 tucarn
195 786 336 840 corporum
355 777 507 825 sarretorum
529 765 622 820 uolens
641 763 789 828 insinuare,
811 759 878 824 dixit

86 863 242 932 Apostolus,
255 860 319 914 Dico
338 860 405 914 enirn
418 859 496 927 uobis,
513 859 614 928 tratres,
628 856 687 925 puin
701 869 761 908 euro
779 862 804 907 et
818 868 878 906 san·

87 954 144 1027 puis
156 968 261 1026 requam
283 948 330 1006 liei
344 967 395 1009 nou
409 949 579 1022 possidebunt.
601 946 677 1014 erod
700 960 752 1000 non
766 959 817 999 nna
832 958 876 998 se·

87 1054 179 1118 param
202 1052 229 1100 et
248 1043 281 1098 ad
301 1041 420 1097 trandent
443 1047 649 1094 eorunremoruta
668 1035 810 1098 sententia,
831 1031 877 1088 sed

88 1146 145 1194 toto
160 1138 218 1207 ipso
232 1133 358 1206 Epistola
372 1133 432 1188 loco
453 1137 625 1202 pertractato,
639 1128 680 1183 rel
700 1128 788 1198 potins
808 1126 877 1182 lecto

88 1228 154 1303 (rron
167 1227 238 1283 enim
251 1242 294 1282 res
307 1226 419 1281 obscura
437 1222 488 1295 εει)
503 1220 614 1276 inueniri
634 1226 732 1292 potest.
747 1217 791 1274 Sic
807 1217 878 1273 enirn

88 1321 171 1376 dicit:
186 1317 290 1389 Oportet
302 1314 463 1388 corruptibile
472 1314 519 1368 lroc
533 1313 636 1366 induere
649 1308 874 1379 incorruptionem,

89 1418 112 1465 et
133 1409 239 1464 mortale
252 1408 298 1462 lroc
312 1405 417 1463 iuduere
435 1401 659 1458 irurrmrtalitatem.
680 1399 755 1469 Quod
772 1414 834 1454 eunt
846 1399 881 1454 tle

89 1515 204 1572 eorpore
222 1498 322 1566 dicere,
337 1496 372 1553 de
384 1495 567 1568 superioribus
584 1492 723 1549 manilesto
737 1491 880 1554 inuenitur,

90 1598 152 1648 eum
175 1592 212 1647 ait
227 1607 235 1646 t
252 1588 313 1645 Non
333 1587 414 1643 onmis
432 1602 492 1640 coro
504 1585 591 1640 euclem
609 1599 668 1637 caro
688 1599 698 1638 .·
717 1582 768 1636 alia
782 1581 882 1647 attidem

91 1676 231 1746 leontinum,
254 1679 309 1759 alia
330 1685 415 1733 autem
433 1690 573 1748 pecorum·
592 1673 645 1727 aliu
664 1687 724 1726 caro
741 1670 881 1735 noluerunt,

91 1771 144 1826 aliu
158 1769 273 1841 piscium.
288 1764 566 1837 incorporeorum,
578 1772 601 1817 et
615 1777 723 1834 corporo
734 1760 883 1814 terrestria:

91 1862 137 1939 secl
159 1861 267 1916 aliaest
287 1858 422 1914 scelestium
442 1856 542 1928 plocio,
568 1854 620 1907 ulia
638 1852 811 1915 terrestrium,-
831 1850 884 1904 alio

93 1954 173 2028 pieria
184 1952 257 2019 solis,
271 1951 323 2004 alia
337 1949 419 2022 pluria
438 1948 515 2019 leuce,
530 1954 556 2000 et
576 1943 628 1999 alia
645 1943 728 2014 pluria
740 1941 883 1996 stellarum.

93 2048 177 2107 Stella
188 2048 254 2102 enirn
267 2047 299 2101 atr
316 2044 391 2100 stella
399 2039 484 2111 differt
496 2043 522 2095 iu
537 2040 636 2112 ploria,·
649 2040 686 2094 sie
701 2046 724 2093 et
736 2037 886 2092 resurrectio

94 2148 260 2198 mortuorum.
276 2135 423 2193 Sentiuetur
434 2132 644 2203 incorruptione,
656 2137 739 2201 surpet
754 2129 780 2182 in
798 2128 884 2182 insor-

94 2229 210 2297 ruptione
221 2243 231 2283 .·
244 2228 380 2282 renuuntur
391 2226 418 2279 in
431 2223 593 2288 coruumelia,
603 2230 687 2293 turpet
698 2220 723 2275 in
734 2220 816 2292 pluria
826 2233 837 2275 .·
846 2235 886 2276 re·

95 2322 207 2376 uniuntur
218 2321 245 2375 in
257 2318 411 2388 iumentum,
425 2325 508 2388 turpet
522 2316 548 2370 iu
558 2315 669 2369 uirtute:
684 2313 821 2367 sentinatur
830 2327 888 2366 cor·

96 2427 145 2484 pus
157 2408 276 2473 animale,
297 2417 381 2480 turpet
401 2421 493 2474 corpus
512 2403 657 2475 spirituale,
681 2403 744 2456 sicut
764 2403 888 2471 scriptum

95 2513 132 2558 cst
144 2516 154 2557 .·
168 2500 263 2556 Factus
273 2509 309 2555 est
320 2500 416 2571 primm
439 2498 512 2552 boitro
523 2497 606 2550 Adam
625 2495 652 2550 in
673 2495 785 2548 aniutom
806 2493 888 2549 uinea·

96 2602 157 2662 ιειιι,
181 2592 329 2646 nouissimus
350 2589 433 2643 Adam
455 2590 482 2643 iu
503 2587 621 2658 spiritum
635 2585 811 2654 vivificantem.
835 2583 889 2639 seu

97 2695 147 2741 uon
176 2680 371 2756 primumquod
390 2680 523 2751 spirituale
542 2688 588 2745 est,
611 2677 655 2732 sed
677 2676 744 2748 atroci
761 2676 889 2741 uuinrule3

98 2771 195 2850 postea,
209 2773 277 2847 quod
290 2774 431 2843 spirituale.
457 2770 560 2826 Primus
576 2771 651 2825 leonto
672 2770 793 2834 deterre,
815 2777 892 2824 terre·

97 2856 166 2934 auu
180 2865 305 2924 secundus
315 2866 389 2920 ltoum
403 2865 513 2926 desorto,
527 2863 643 2917 celestis.
659 2860 751 2928 Qualis
762 2870 886 2923 terrenus,

99 2963 162 3018 tales
175 2969 197 3017 et
211 2959 320 3024 terreni,·
337 2968 360 3014 et
372 2956 454 3029 quatu
467 2953 582 3020 coeteuts,
598 2955 660 3007 tales
677 2961 700 3006 et
715 2953 836 3007 coelestes.
852 2949 885 3004 Ει

98 3050 223 3125 ιιιειιιειιε
234 3048 364 3105 induistus
376 3047 512 3118 intapiuem
526 3045 628 3111 terreni,
639 3043 775 3097 induamus
788 3051 812 3097 et
827 3042 889 3096 imo·

100 3139 183 3216 'pinem
202 3142 257 3215 ejus
275 3139 317 3211 qui
334 3137 365 3192 de
386 3138 448 3193 coelo
468 3147 514 3192 est.
532 3134 587 3190 lloc
602 3143 685 3189 autem
699 3133 766 3197 dieo,
790 3136 891 3203 fratres,

100 3230 160 3304 puio
172 3248 231 3287 curo
247 3239 270 3286 et
282 3229 387 3301 sonpuis
403 3244 509 3299 ceptrum
525 3225 573 3280 Dei
594 3224 740 3278 laureditote
762 3222 893 3292 possidere

103 3342 155 3380 nou
183 3331 307 3396 poscente
328 3336 407 3390 ireque
428 3319 556 3390 corruptio
582 3315 791 3384 incorruptionem
815 3304 894 3384 ιιιείε·Ι

103 3416 181 3469 ditate
206 3410 351 3486 possidebit.
375 3408 454 3466 Certe
472 3406 527 3479 jam
548 3406 651 3462 elacrem
676 3413 718 3460 ost
739 3416 823 3473 qnare
843 3400 894 3458 hoe

104 3505 249 3577 Apostolus
270 3503 376 3573 dixerit.
396 3501 464 3569 Quid
478 3514 542 3571 ergo
562 3499 612 3553 iste
634 3505 687 3552 tam
711 3496 781 3565 turpi
803 3493 905 3552 tenende.

105 3613 162 3652 tren
173 3601 374 3660 commemorat,
386 3591 438 3647 nisi
454 3590 506 3645 lroe
518 3589 651 3652 ultimum,
664 3594 692 3641 et
707 3594 775 3642 tacet
789 3585 833 3640 illa
850 3599 896 3640 su·

105 3690 222 3762 periero,
245 3686 343 3758 quibus
359 3683 412 3740 troo
431 3681 503 3754 quod
520 3680 591 3736 male
614 3679 813 3749 iuterpretatur,
827 3676 897 3735 bene

106 3781 190 3851 possit
203 3777 333 3848 intelligit
354 3776 420 3832 Nam
434 3774 557 3846 quoniam
579 3770 684 3828 Domini
703 3769 785 3825 nostri
800 3782 897 3840 eorpus

106 3879 166 3941 past
187 3867 409 3924 resurrectionem
430 3865 471 3921 sie
492 3864 608 3919 terarum
628 3869 669 3917 est
691 3860 717 3914 in
734 3860 843 3927 eoelum,
867 3867 897 3916 et

108 3974 156 4029 pro
176 3958 232 4029 ipsa
247 3956 350 4012 eoelesti
367 3953 530 4011 habitatione
543 3952 679 4009 eoelestenr
693 3951 825 4021 aeeeperit
839 3965 900 4005 mu-

108 4049 246 4113 tationem,
260 4055 287 4103 et
301 4046 351 4101 ltoe
365 4059 474 4116 sperare
489 4043 574 4099 indie
594 4041 688 4097 ultimo
699 4040 766 4111 jussi
779 4052 872 4096 sarnus
887 4057 896 4096 ι

107 4139 169 4195 ideo
180 4139 248 4194 dixit
263 4136 417 4208 Apostolus,
437 4133 526 4201 Qrtalia
544 4144 666 4196 terrenus,
683 4133 745 4186 tales
760 4141 783 4185 et
794 4132 896 4198 terreni,

107 4231 134 4285 id
147 4240 198 4296 est,
210 4227 351 4293 nrortales;
364 4237 387 4282 et
404 4225 486 4299 queis
497 4224 613 4287 celestis.
629 4224 693 4279 tales
702 4231 726 4278 et
738 4222 898 4290 celenenid

109 4331 160 4384 est,
174 4319 347 4384 immortales,
361 4333 414 4372 non
424 4317 508 4372 solum
520 4317 626 4381 animis,
648 4315 696 4372 sed
709 4316 788 4370 etiam
801 4328 899 4385 eorpo-

109 4413 195 4467 rilrns.
212 4407 288 4464 Unde
308 4416 335 4463 et
354 4406 560 4476 supradixerat,
582 4405 661 4460 aliare
680 4405 899 4461 esseroelestiunr

111 4514 254 4572 corporum
266 4497 389 4570 gloriam,
400 4505 428 4552 et
441 4496 519 4552 aliam
532 4496 708 4552 terrestrium.
721 4496 797 4565 Quod
810 4504 900 4551 entem

107 4589 249 4663 'spirituale
261 4589 328 4646 dixit
342 4600 439 4662 corpus
451 4588 479 4643 in
493 4586 690 4643 resurreetione
700 4588 828 4653 tertarum,
847 4600 900 4642 non

53 4730 58 4738 ,
113 4690 252 4754 propteroa
264 4678 408 4750 putandum
420 4685 472 4747 εει,
487 4675 557 4750 quod
569 4690 622 4732 non
636 4690 744 4748 eorpus,
760 4676 808 4732 sed
822 4676 901 4746 spici·

115 4787 155 4834 tus
175 4777 226 4832 orit
239 4793 250 4849 :-
267 4773 314 4833 sed
333 4772 470 4846 spirituale
488 4785 586 4842 eorpus
603 4769 677 4826 omni
696 4769 777 4826 modo
796 4768 902 4841 spiritui

108 4868 248 4927 subditum
269 4867 351 4934 dicit,
371 4867 429 4921 sine
449 4864 537 4935 aliqua
553 4862 724 4934 eorruptione
739 4861 782 4917 rel
805 4868 902 4916 morte.

115 4961 170 5016 lton
184 4961 256 5017 eninr
277 4959 337 5030 quia
351 4955 421 5028 quod
436 4954 517 5011 modo
529 4953 658 5010 habemas
679 4966 777 5022 eorpus
788 4950 903 5007 animale

115 5050 240 5121 appellat,
263 5048 323 5105 ideo
345 5047 490 5118 putandum
511 5053 553 5101 εει
571 5058 624 5101 ειη
641 5042 706 5100 iliud
720 5057 780 5100 εεεε
793 5054 902 5112 eorpus,

116 5139 162 5196 sed
182 5138 307 5196 unimam.
331 5138 402 5210 Ergo
422 5136 647 5210 quemadmodem·
672 5149 770 5206 eorpus
789 5134 905 5192 animate

118 5246 187 5287 stine
207 5221 314 5297 dieitur,
337 5230 398 5300 quia
420 5227 553 5285 subditum
569 5236 612 5285 εει
630 5226 745 5292 animm
767 5224 905 5298 spirituale

119 5333 205 5380 sutem
227 5321 343 5379 nondum
362 5321 415 5377 diri
437 5329 544 5391 potest,
566 5319 629 5391 quis
659 5316 777 5375 noudum
800 5314 905 5388 spiritui

120 5415 196 5487 plene
217 5413 364 5483 subiectum
377 5418 429 5478 εει,
443 5409 570 5483 quamdiu
582 5409 716 5481 eorrumpi
730 5416 824 5478 potest
843 5424 851 5461 a
866 5406 906 5463 sie

119 5515 144 5560 et
160 5514 223 5560 tunc
233 5501 370 5571 spirituale
381 5501 529 5569 vocabitur,
548 5513 609 5556 enm
622 5497 725 5571 spiritui
738 5503 906 5568 atqueaeter·

108 5598 194 5653 nitati
208 5597 278 5652 nulla
293 5595 463 5666 oonuptione
473 5593 599 5651 restsure
613 5592 720 5664 poterit.

156 5688 183 5744 5.
205 5688 290 5745 tntsi
312 5685 502 5756 adhuepurunr
523 5682 628 5741 sudetur
646 5688 905 5751 rasomonstrstum,

792 283 892 343 ntuetr
913 281 1013 341 UNUS.

1666 286 1716 341 iifl

930 397 999 466 qrrod
1021 397 1178 452 sententium
1203 397 1278 453 istam
1300 386 1408 467 propter
1428 396 1636 452 imnrntationem
1657 387 1718 469 aare

929 484 1016 542 littura
1029 498 1071 543 est
1083 489 1223 558 Apostolus
1233 489 1340 553 dixerit,
1356 505 1417 544 euru
1431 490 1478 555 ait,
1495 489 1560 545 draco
1573 499 1599 571 et
1609 495 1718 560 errnpar's

929 595 1033 648 reputem
1057 579 1104 634 Del
1119 581 1265 636 lroereditate
1286 581 1413 650 possidere
1433 592 1483 636 nou
1506 592 1625 652 possunt,
1640 576 1735 653 nepul'

930 673 1057 742 corruptio
1071 672 1284 742 incorruptionem
1299 673 1443 728 lraereditate
1458 673 1612 744 possidebit:
1628 681 1726 728 atteu-'

905 818 910 826 ,
929 760 984 818 dite
998 762 1060 831 qnid
1075 763 1201 818 continuo
1212 762 1343 832 subiiciat,
1358 773 1383 818 et
1394 764 1519 834 arlicrugat
1532 783 1538 820 ι
1551 764 1617 819 Ecce
1627 774 1737 837 inpete-'-

929 856 995 910 rium
1005 853 1073 910 uobis
1086 855 1143 908 dico
1154 871 1256 932 :orienes
1269 856 1369 927 quadem
1385 873 1551 929 resurpemus,
1572 874 1622 913 uon
1636 868 1710 912 tunm

930 961 1016 1001 omnes
1026 944 1224 1010 immutabimur,
1239 946 1266 1001 in
1280 957 1373 1012 atouro,
1388 951 1416 1002 lu
1429 949 1479 1002 ietu
1491 949 1575 1014 oculi,
1590 949 1617 1002 irt
1634 948 1704 1003 noris

931 1038 996 1092 sistra
1009 1037 1078 1093 tulta.
1090 1036 1168 1093 Canet
1179 1039 1245 1092 eninr
1258 1040 1326 1106 tuba,
1346 1049 1370 1093 et
1390 1042 1482 1094 armtui
1496 1050 1625 1112 reserpent
1636 1041 1713 1094 incor-

931 1130 1015 1200 rupti,
1029 1141 1052 1186 et
1064 1147 1110 1185 nos
1128 1131 1327 1186 irrunutabirnur.
1344 1133 1442 1187 Deinde
1464 1135 1598 1200 correxit,
1615 1145 1642 1189 et
1654 1134 1718 1190 dicit

931 1219 1011 1276 etiam
1026 1221 1089 1276 illud
1102 1221 1171 1291 qrrod
1184 1223 1261 1293 paulo
1273 1230 1334 1278 ante
1347 1225 1573 1293 commemorari,
1590 1234 1618 1280 nt
1631 1215 1723 1282 ostenss

932 1313 978 1370 dat
990 1316 1075 1387 qualis
1094 1316 1181 1372 lutera
1204 1319 1239 1372 sit
1257 1319 1312 1388 ipsa
1335 1319 1492 1376 immutatio.
1514 1321 1609 1379 Statim
1623 1324 1724 1396 quiippe.

932 1405 996 1463 dicit
1009 1425 1016 1462 :
1030 1407 1134 1480 Oportet
1152 1411 1219 1465 enirn
1237 1411 1397 1483 corruptibile
1417 1413 1463 1468 ltoe
1480 1413 1584 1470 iuduere
1603 1413 1723 1471 incurru-

933 1499 1053 1571 ptionem.
1067 1509 1090 1555 et
1102 1502 1208 1556 mortale
1221 1500 1268 1556 lroc
1279 1501 1382 1557 iuduere
1392 1504 1607 1560 immortalitatem
1623 1505 1642 1577 (l
1659 1504 1721 1561 Cor.

933 1607 978 1658 xv,
994 1591 1029 1648 39
1045 1590 1100 1662 53).
1116 1593 1184 1648 liine
1203 1609 1266 1664 ergo
1280 1603 1391 1664 apparet
1410 1596 1472 1666 arria
1493 1613 1555 1652 earo
1568 1606 1595 1653 et
1615 1599 1725 1670 sanguis

934 1696 1045 1751 regumn
1058 1681 1105 1737 Dei
1119 1697 1172 1738 non
1189 1683 1361 1753 possidebunt
1374 1725 1382 1748 ‚
1395 1685 1456 1754 quia
1472 1702 1533 1741 cunr
1554 1685 1670 1742 induerit
1682 1669 1726 1743 in·'

934 1772 1130 1841 eorreptionem
1141 1781 1168 1828 et
1179 1774 1415 1842 immortalitatem,
1424 1775 1478 1845 tarn
1490 1792 1541 1831 non
1555 1791 1618 1833 caro
1628 1788 1655 1834 ot
1664 1793 1727 1833 san·

935 1860 994 1933 guis
1008 1863 1059 1917 erit
1075 1861 1112 1935 (a)
1124 1904 1132 1928 ‚
1146 1863 1193 1918 sed
1207 1864 1233 1920 in
1246 1879 1344 1935 eorpus
1355 1866 1465 1922 caeleste
1478 1869 1633 1924 mutabitur.
1649 1870 1728 1938 Quod

935 1953 1043 2024 arrident
1059 1970 1091 2009 ει
1104 1955 1244 2011 oeensione
1262 1958 1452 2023 tractavimus,
1467 1958 1526 2029 qrria
1542 1958 1604 2015 truie
1622 1936 1728 2032 qrroque'

937 2045 1076 2102 uerruntiae
1086 2047 1198 2101 multum
1207 2046 1325 2101 insidlari
1339 2047 1435 2106 solent.
1448 2059 1574 2119 negantes
1584 2065 1730 2120 corporum

937 2138 1173 2191 resurrectionem.
1186 2135 1252 2191 Nam
1273 2137 1321 2192 ista
1340 2139 1451 2209 qrrnstio
1464 2154 1517 2193 non
1539 2138 1573 2195 de
1594 2155 1728 2210 corporo,

937 2224 986 2280 sed
1000 2225 1033 2281 de
1046 2226 1133 2281 animo
1149 2223 1346 2297 proposita'est,
1361 2243 1440 2298 quam
1453 2235 1545 2298 putant
1557 2228 1594 2284 sic
1604 2231 1689 2300 aeeipi
1701 2230 1729 2287 in

938 2314 1026 2388 Lege,
1042 2325 1070 2371 nt
1088 2316 1196 2386 sanguis
1217 2331 1276 2372 esse
1297 2316 1464 2374 existimetur
1476 2336 1482 2371 :
1495 2318 1566 2389 qntrd
1588 2318 1636 2375 erus
1657 2320 1730 2376 nullu

939 2407 1020 2464 modo
1036 2408 1074 2463 sie
1089 2408 1269 2479 intelligimus.
1285 2408 1338 2464 Sed
1351 2410 1471 2479 utramuis
1481 2409 1514 2464 de
1533 2425 1658 2481 pecorum
1673 2392 1730 2465 ani-³

940 2500 991 2557 mis
1005 2514 1057 2555 non
1070 2512 1204 2565 curemus,
1218 2512 1277 2554 eum
1289 2500 1385 2570 qrribns
1399 2515 1451 2554 nou
1465 2500 1594 2556 lrabemus
1613 2496 1729 2556 rationis

941 2591 1056 2661 aliorum
1069 2591 1223 2649 sociantem
1236 2609 1243 2644 ι
1257 2598 1343 2647 tamen
1355 2589 1418 2645 illud
1432 2590 1503 2663 qnod
1517 2590 1571 2646 Len
1584 2590 1660 2658 dixit,
1671 2572 1731 2648 lnn'·¹

942 2684 1057 2739 derectum
1072 2699 1131 2739 esse
1146 2683 1313 2755 sanguninem,
1325 2699 1374 2739 nee
1387 2683 1413 2738 in
1427 2698 1516 2738 eseam
1527 2684 1731 2750 assumendum,

942 2776 1002 2851 qrria
1018 2775 1126 2845 sanguis
1145 2784 1186 2830 est
1204 2775 1311 2840 anirna,
1326 2788 1385 2830 esse
1405 2773 1518 2844 positum
1532 2772 1645 2830 dirimas
1664 2758 1735 2833 sieut

943 2866 994 2918 alia
1008 2865 1107 2929 rrrnltu3
1122 2872 1149 2918 et
1162 2877 1232 2935 pene
1249 2863 1338 2917 omnia
1357 2861 1552 2932 seripturarum
1569 2862 1672 2917 illarum
1687 2865 1733 2919 sass

943 2964 1076 3010 crnnrenta
1089 2954 1171 3025 siguis
1185 2961 1212 3009 et
1225 2953 1315 3024 liguris
1330 2954 1408 3025 plena
1420 2962 1482 3008 stent
1494 2953 1590 3010 luterus
1604 2931 1735 3026 penetral

945 3046 1033 3108 tionis,
1048 3060 1107 3115 qrroe
1119 3044 1174 3114 jorn
1190 3058 1237 3113 per
1257 3040 1397 3099 Darninum
1412 3053 1532 3100 nostrum
1548 3043 1640 3100 lesum
1653 3044 1736 3100 Clari-

944 3143 1014 3190 stum
1027 3135 1159 3190 alestannus
1173 3144 1223 3190 εει.
1237 3133 1282 3190 Sto
1295 3143 1336 3190 εει
1347 3134 1419 3190 enim
1433 3133 1540 3204 mugitis
1554 3135 1653 3202 anima,
1665 3123 1734 3204 ano-

945 3230 1028 3285 modo
1048 3239 1122 3299 petra
1148 3236 1206 3284 erat
1230 3225 1371 3295 Christus,
1394 3226 1463 3284 sicet
1483 3226 1547 3281 dicit
1570 3220 1735 3298 Apostolus:

945 3318 1066 3374 fflbcbaat
1078 3320 1144 3372 enim
1157 3318 1189 3373 cle
1205 3317 1334 3386 spirituali
1348 3318 1482 3389 sequente¹
1496 3312 1578 3388 petra,
1598 3324 1670 3389 petru
1688 3332 1736 3379 atre

947 3417 1059 3465 temerat
1080 3406 1194 3462 caristus
1212 3405 1269 3476 (ld.
1284 3423 1318 3470 x.
1331 3405 1371 3478 d).
1386 3405 1483 3463 Notum
1498 3415 1540 3462 εει
1558 3416 1647 3462 nutem
1667 3397 1737 3464 lilio's

947 3499 1027 3556 lsrael
1043 3508 1118 3568 petra
1133 3513 1259 3570 pereussa
1270 3497 1369 3554 bibisse
1381 3513 1477 3569 aqrram
1492 3497 1518 3554 in
1533 3513 1625 3554 eremo
1640 3490 1737 3572 (Nurnss

947 3589 1073 3660 snit),
1088 3589 1122 3645 de
1141 3589 1238 3660 quilius
1250 3589 1409 3659 instruebatur
1427 3589 1587 3660 Apostolus,
1602 3605 1662 3644 eunt
1678 3588 1737 3645 true

947 3683 1065 3750 dicerot;
1081 3697 1130 3739 nee
1141 3691 1229 3738 tanen
1242 3682 1289 3749 ait,
1303 3676 1380 3738 Petra
1396 3681 1561 3753 significabat
1579 3681 1736 3749 Christum

947 3777 995 3835 sed
1007 3777 1054 3845 ait,
1068 3776 1146 3831 Petro
1158 3784 1214 3833 erat
1227 3774 1350 3831 Cluistus.
1366 3773 1430 3841 eroe
1442 3789 1534 3829 rursus
1547 3790 1581 3830 ne
1593 3754 1736 3830 carnaliter

948 3869 1121 3939 acciperetur,
1133 3866 1298 3937 spiritualem
1312 3865 1382 3920 illam
1399 3872 1476 3920 roeat
1488 3881 1496 3933 ;
1510 3857 1536 3920 id
1549 3873 1599 3931 εει,
1614 3879 1673 3920 eam
1685 3862 1737 3934 spi·

949 3959 1080 4018 ritualiter
1101 3959 1208 4029 intelligi
1224 3958 1311 4016 docet.
1331 3954 1451 4028 Longum
1466 3964 1525 4024 est,
1546 3964 1664 4035 etlnune
1685 3969 1739 4023 nou

949 4051 1325 4119 necessarium,saeranreuta
1346 4040 1466 4119 eiusdem
1485 4047 1562 4118 Legis
1583 4061 1741 4116 exponere,

949 4143 1001 4207 nisi
1015 4157 1075 4197 cunr
1096 4141 1212 4196 breuiter
1224 4139 1337 4209 possint.
1351 4136 1456 4193 Sullleit
1472 4146 1560 4190 autem
1574 4144 1602 4189 ut
1613 4132 1739 4190 noverint

951 4234 988 4290 illi
1001 4233 1046 4304 qui
1059 4230 1092 4286 de
1106 4229 1149 4285 lris
1168 4229 1376 4292 calumniantur,
1390 4241 1442 4282 non
1457 4240 1488 4280 ea
1511 4239 1560 4280 uos
1580 4225 1615 4278 ita
1636 4218 1737 4278 intelli·

950 4339 1024 4395 gere,
1040 4333 1069 4378 nt
1080 4322 1123 4376 itta
1135 4320 1222 4377 solent
1233 4318 1344 4375 irridere
1356 4335 1364 4384 ;
1376 4318 1423 4373 sed
1433 4315 1654 4389 quenradmodurn
1665 4317 1740 4386 tipo·

951 4415 1013 4471 stoli
1022 4414 1109 4471 omnia
1120 4411 1295 4481 intelligentes
1305 4404 1387 4480 panea
1398 4416 1586 4479 exposuerant,
1596 4416 1625 4463 ut
1635 4407 1667 4463 ad
1680 4387 1741 4468 eanf-

952 4505 1013 4562 dem
1028 4504 1131 4576 regulas
1142 4513 1236 4559 coetera
1245 4502 1359 4574 posteris
1369 4498 1538 4571 intelligenda
1550 4481 1741 4571 'relinquerent

989 4592 1101 4653 CAPUT
1110 4594 1214 4652 xttt-
1224 4595 1249 4651 t.
1262 4584 1301 4649 ite
1312 4607 1344 4649 eo
1358 4590 1428 4664 quod
1440 4590 1566 4664 scriptam
1579 4599 1620 4647 est
1631 4591 1657 4645 tn
1669 4572 1739 4646 Don'-

954 4688 1118 4755 teronomio,
1139 4685 1226 4742 Videte
1249 4703 1281 4743 ne
1296 4682 1478 4741 obliuiscamini
1495 4673 1667 4739 testamentum
1696 4680 1744 4737 ltu

954 4783 1029 4837 uestri
1043 4780 1110 4854 quod
1121 4781 1284 4853 conscripsit,
1297 4777 1435 4852 et'suciatis
1453 4777 1521 4833 uobis
1535 4776 1627 4848 effipies
1641 4784 1663 4830 et
1676 4772 1743 4829 imei-

954 4876 1024 4949 pines
1036 4872 1128 4929 :addit
1140 4872 1220 4930 etiam
1233 4868 1510 4937 dinunumerare
1524 4866 1590 4939 ipnis
1605 4875 1640 4921 est
1661 4864 1744 4930 edax',

955 4978 978 5023 et
992 4966 1062 5021 Deus
1074 4967 1160 5021 celans
1172 4963 1259 5040 (lbeut.
1274 4979 1312 5029 ιι,
1327 4960 1373 5027 25.
1385 4957 1442 5035 il).
1458 4958 1522 5017 liceo
1534 4958 1613 5015 uerln
1625 4954 1753 5029 deseri-l

956 5057 1041 5130 pteris
1054 5055 1105 5112 noe
1115 5055 1195 5112 moda
1208 5055 1253 5111 tlte
1265 5053 1422 5111 Adimantus
1435 5051 1582 5133 proposuit.
1600 5048 1663 5120 Ejus
1673 5044 1744 5107 entur

956 5149 1100 5208 calumnias
1111 5138 1264 5206 refutandas
1275 5144 1488 5215 relelleudusque
1501 5140 1676 5212 suseepimus.
1689 5134 1752 5200 Seu.

957 5250 985 5300 et
1004 5242 1059 5316 jam
1082 5239 1203 5313 superius
1226 5238 1259 5294 de
1281 5236 1337 5292 zelo
1359 5234 1406 5290 Dei
1429 5248 1489 5289 cnm
1511 5230 1738 5296 ealnmniaretnc',

958 5343 1022 5407 prrto
1031 5333 1098 5397 ,satis
1110 5346 1170 5389 esse
1189 5342 1356 5400 responsum.
1373 5323 1572 5381 Meminerimus
1585 5330 1674 5377 tamen
1689 5333 1744 5376 non

950 5424 1045 5487 ‚solum
1059 5423 1095 5479 ibi
1106 5463 1114 5490 ,
1127 5420 1176 5479 sed
1189 5420 1268 5476 etiarn
1292 5416 1335 5474 lrie
1347 5458 1356 5485 ,
1370 5417 1409 5473 sic
1423 5428 1485 5472 curn
1505 5412 1539 5470 de
1554 5410 1612 5468 nelo
1627 5408 1673 5464 liei
1694 5406 1748 5467 eri·

950 5602 953 5607 .
991 5520 1749 5622 winceauumeossnesneonattssetaarouotexfi

960 5618 1349 5765 *munerantur-timu.
1389 5738 1392 5743 ,
