3938 6360
636 213 851 273 traductum
873 212 1046 273 ECClAESlAE
1067 215 1110 272 ET
1129 216 1335 276 SYNAGOGAE.

1764 218 1826 277 li&
1857 244 1861 259 ·

1248 371 1348 382 -ι-υ
1366 371 1686 384 ..ι-..ιμ-
1698 372 1827 390 -..η

700 455 780 538 ιι
806 451 1255 541 Αιιιιιιιιιοιιι
1349 532 1354 545 .

410 604 846 722 EGGLESIAE
880 603 999 716 ΕΤ
1037 600 1556 718 SYNAGOGAE

848 766 1048 830 otueodtts
1065 766 1114 831 (ιι).

890 895 1075 953 ΜΕΝ)

202 1039 318 1095 [tuarum
337 1045 517 1091 matronarum
531 1032 606 1088 robis
619 1029 774 1086 censoribus
791 1037 898 1083 causam
916 1027 955 1081 ri-

165 1099 954 1178 tlcorsusccpisse:utraqueuegotiauraguisluteribuspau-

165 1178 280 1243 diturus,
289 1186 319 1233 ιι
331 1172 457 1257 quidquid
467 1189 499 1229 ex
506 1172 611 1298 judicio
620 1179 709 1226 restro
719 1169 817 1225 ueritas
826 1175 955 1250 eaposto-

166 1248 220 1303 lata
233 1247 387 1310 diremerit,
401 1244 427 1300 ιιι
443 1258 493 1298 ιιι
524 1257 538 1297 e
551 1240 652 1297 duabus
667 1241 800 1296 observet.
812 1237 913 1292 idcirco
928 1253 954 1292 ru

165 1318 217 1372 hoc
229 1325 299 1373 caetu
313 1324 403 1371 restro
417 1313 462 1384 jhs
477 1312 571 1379 recito,
586 1311 689 1366 tabulas
703 1310 796 1364 allero.
810 1308 881 1377 Lege
892 1321 954 1377 aga·

166 1396 219 1451 tur,
238 1387 299 1456 quia
319 1386 353 1441 de
372 1383 541 1455 possessione
554 1381 690 1437 contentio
702 1387 744 1435 est
756 1396 763 1433 ι
776 1387 803 1433 ιι
817 1378 954 1433 revehere

166 1456 295 1527 imperiali
309 1456 447 1511 sanctione
460 1451 604 1509 sententias
621 1467 672 1505 nou
690 1448 824 1515 morabor,
836 1456 865 1502 ut
876 1447 954 1517 quid·

168 1527 233 1596 quid
247 1525 366 1582 recitatis¹
380 1524 445 1579 ordo
458 1522 633 1593 perspexerit,
642 1521 716 1590 juxta
730 1519 815 1589 legem
829 1517 955 1571 diuinitus

166 1597 254 1651 daturu
273 1607 415 1651 consessus
435 1594 515 1648 vestri
538 1591 669 1646 sententia
692 1587 881 1659 promulgetur.
897 1585 955 1642 Una

165 1665 322 1735 quibusdam
338 1663 502 1734 temporibus
520 1660 650 1716 adulterio
668 1657 834 1728 deprehensa
848 1670 955 1725 posses·

166 1735 252 1791 sionis
264 1743 363 1790 nostrae
376 1747 514 1802 prncoqua
529 1730 684 1801 pervasione
693 1728 753 1798 jura
764 1735 953 1782 temeraverat:

162 1805 219 1859 alia
232 1805 328 1859 naerito
340 1802 469 1858 castitatis
482 1816 529 1869 per
541 1801 697 1854 senteutiam
712 1796 857 1860 donatoris,
870 1795 955 1866 possi·

167 1874 274 1929 dentem
288 1873 361 1927 illam
370 1887 429 1941 qurc
439 1870 547 1924 auribus
557 1869 652 1924 restris
663 1867 766 1922 sirletus
775 1875 877 1929 exacta,
889 1880 956 1920 uon-

160 1943 238 1998 ·nulla
253 1941 322 2012 apud
335 1940 461 1997 serrulam
472 1939 547 2009 prius
558 1938 721 1994 clandestina
733 1935 826 1993 lraude
837 1936 953 2005 privare·

167 2020 210 2068 rat
224 2030 231 2067 :
247 2010 426 2068 redhibitione
448 2008 617 2079 compellitur
636 2007 753 2078 qnotidie
775 2006 904 2071 reddere3
928 2013 955 2060 et

157 2082 254 2138 -ndbuc
265 2090 391 2153 quantum
407 2079 560 2136 reddiderat
572 2078 660 2134 debet.
670 2078 766 2132 Totum
779 2079 861 2140 euim,
875 2075 953 2146 quiri-

166 2152 229 2276 quid
241 2148 572 2222 possessiouideleuderat,
581 2148 741 2217 abiurarnus.
752 2148 822 2216 Ergo
831 2147 853 2200 si
865 2160 955 2201 causac

159 2222 276 2288 aciem,
297 2223 318 2279 si
340 2223 453 2276 lrontem
472 2219 607 2290 parabolae
626 2218 706 2273 uultis
725 2217 818 2272 audire
833 2233 840 2268 ι
855 2215 955 2271 Gentes

167 2292 348 2348 ltaereditatem
372 2298 505 2356 nostram,
534 2289 744 2358 possessiouem,
773 2295 800 2342 et
828 2285 956 2340 terminos

160 2369 247 2417 *terrae
264 2361 341 2417 nobis
359 2361 488 2432 augustali
505 2358 566 2428 jure
584 2372 749 2421 coracessatu,
764 2364 858 2425 potens
872 2370 955 2425 quou-

159 2430 238 2496 danr,
252 2432 327 2486 diros
339 2446 405 2486 auro
419 2430 515 2484 mulier
525 2429 662 2500 synagoga
677 2425 802 2496 pervasit.
816 2424 874 2480 llox
889 2440 954 2494 sup·

161 2500 334 2568 ,plicarirnus
347 2514 440 2569 preces
452 2499 597 2553 retinemus
611 2499 637 2550 iu
653 2496 783 2557 manibus,
796 2494 955 2549 introductio

169 2569 289 2638 protinus
304 2568 388 2631 lundi,
401 2569 489 2623 habita
502 2568 635 2637 possessio
649 2567 675 2620 iu
689 2574 780 2619 nostro
791 2565 852 2634 jure
866 2565 955 2619 corasi-

169 2638 226 2691 stit.
238 2638 345 2693 besmri
358 2638 481 2692 uolumus
493 2645 591 2699 tamen,
600 2634 726 2705 quidquid
738 2642 954 2688 ornamentorum

168 2707 264 2761 mulier
284 2707 401 2776 inquieta
422 2704 547 2775 pervasit.
563 2704 628 2769 Quae
647 2718 707 2758 cunr
729 2704 907 2769 postularetur
928 2713 956 2757 nt

168 2775 302 2844 redderet,
322 2776 419 2832 lentius
437 2788 517 2845 quam
536 2772 645 2828 deberet
665 2771 787 2827 exsoluit.
803 2770 878 2825 Nunc
892 2787 956 2842 ergo

162 2846 201 2920 ¹ad
215 2846 284 2902 hauc
297 2843 522 2901 narrerntarnihas
528 2850 555 2898 et
562 2842 677 2910 rideam,
693 2850 786 2897 uestra
798 2839 957 2896 ruaterlauri·

166 2916 228 2989 lias,
241 2916 290 2972 hoe
302 2925 343 2972 est
357 2916 389 2970 ad
402 2916 578 2986 synagogam,

203 2986 334 3059 Ecccssrn
348 2986 414 3040 dixit
428 3003 434 3040 :
450 2985 542 3040 llecita
554 2980 617 3054 quid
632 2981 775 3048 merueris,
790 2989 817 3037 et
829 2996 878 3054 ego
892 2980 955 3053 quid

164 3072 299 3122 asseruero,
315 3056 441 3111 recitabo.

203 3127 341 3183 Srsacuoa
355 3125 491 3195 respondit
501 3142 508 3180 ι
520 3122 659 3193 Propterea
673 3122 705 3176 ad
719 3137 761 3176 ure
773 3135 866 3177 onrrres
877 3136 956 3177 retro·

167 3207 238 3262 runt,
250 3198 320 3267 qnod
337 3206 363 3252 tu
375 3196 482 3251 dilliteri
499 3212 550 3250 uon
563 3194 671 3263 poteris.

202 3268 332 3323 Ecctssrt
343 3268 408 3322 dixit
417 3284 423 3319 :
433 3264 539 3321 Certum
551 3273 592 3320 est
603 3263 674 3334 qnod
683 3263 835 3332 Prophetae,
847 3261 910 3316 doru
923 3261 955 3316 atl

168 3345 194 3392 te
206 3338 325 3402 veniunt,
338 3336 488 3393 remorandi
520 3350 550 3391 ro
563 3344 683 3404 ternpore
696 3335 768 3388 relnt
779 3332 812 3386 ad
825 3332 956 3403 hospitans

167 3417 342 3463 cucurrerunt
357 3426 365 3464 ι
379 3422 439 3462 uam
453 3351 537 3493 profic
551 3403 658 3459 cosdem
673 3403 762 3473 spousi
778 3403 829 3457 mci
842 3402 956 3472 jureucs

168 3486 322 3544 metatores,
335 3478 436 3533 scilieet
447 3475 545 3531 christi
557 3475 664 3545 gerulos
678 3473 835 3537 litterarum,
848 3473 958 3527 mauda-

167 3555 255 3601 torunr
270 3549 349 3602 etiarn
365 3548 516 3617 portitores,
533 3545 638 3599 invidiae
650 3558 728 3599 eausa
742 3559 757 3597 a
773 3554 800 3597 te
814 3542 895 3597 lusisse
914 3543 956 3597 iu·

169 3616 302 3671 terrenos.
313 3616 445 3685 llruuquid
459 3616 482 3670 si
495 3614 527 3668 ad
544 3624 569 3668 tc
583 3615 726 3678 vertissent,
743 3627 758 3665 a
773 3612 805 3666 'tc
825 3611 956 3681 quispiam

168 3700 260 3740 cortun
276 3687 405 3755 potuisset
419 3685 522 3739 occidit
537 3683 588 3739 Sed
607 3682 667 3751 quia
688 3683 720 3734 ad
744 3697 786 3735 rue
804 3681 955 3747 ueniebant,

168 3769 248 3809 causa
261 3755 309 3809 zeli
325 3755 445 3808 homiues
463 3766 539 3807 meos
558 3752 639 3821 recipi
652 3766 712 3805 euru
730 3767 781 3804 non
800 3751 955 3818 sustineres,

169 3823 259 3893 gladio
272 3832 300 3876 ιι
313 3823 426 3877 lustibus
439 3821 559 3877 affecisti.

204 3892 344 3949 Sraueooa
364 3892 520 3962 respondit:
537 3891 620 3945 Etiam
639 3890 661 3944 si
683 3887 752 3945 istud
770 3887 840 3958 qnod
859 3889 957 3944 asseris

157 3961 230 4029 leci,
246 3973 318 4019 recte
329 3973 356 4018 et
371 3963 480 4017 inrueste
494 3961 601 4030 peccari
615 3978 622 4015 :
634 3961 694 4029 quia
710 3974 759 4029 ego
773 3974 860 4029 regem
874 3974 957 4014 orrue-

168 4032 324 4105 mainnerius
339 4034 439 4088 litteras
451 4031 605 4102 irequeutcr
617 4045 770 4099 arcrcperaru
784 4047 790 4083 :
803 4036 830 4083 rt
845 4040 870 4084 tn
885 4028 957 4083 silai·

161 4104 224 4158 cola
235 4104 406 4173 qruerebaris,
417 4120 477 4174 qne
489 4103 663 4157 llarbarorunr
675 4101 737 4165 ritu,
750 4115 822 4166 rnre,
833 4099 954 4165 collibus,

166 4175 235 4229 iutra
250 4175 318 4229 iunia
332 4174 374 4230 vel
386 4184 488 4230 secreta
501 4173 597 4244 agresti
611 4171 743 4242 ‹querularu
760 4171 864 4242 tugurio
880 4185 955 4226 eoru-

161 4245 305 4301 ·ntaucbas,
321 4245 388 4300 Nam
408 4245 471 4315 quid
491 4253 517 4299 ιι
536 4243 678 4313 aliquando
699 4242 821 4297 rusticius
837 4241 903 4296 luitl
916 4240 956 4297 Τι

167 4331 227 4370 cunr
243 4316 377 4386 gentibus,
393 4330 454 4369 cum
467 4315 562 4386 quibus
575 4329 624 4384 ego
639 4327 710 4382 saepe
725 4312 847 4383 pugnaui,
863 4320 955 4382 pasto-

152 4387 215 4449 rali
241 4401 316 4441 rarorc
339 4386 465 4452 balantia,
485 4385 577 4452 credo,
599 4398 693 4453 pecora
716 4382 871 4452 sequebaris
886 4400 893 4437 ι
906 4397 956 4453 ego

167 4465 273 4527 sceptro
285 4465 313 4511 et
324 4455 473 4527 legionibus
487 4454 563 4522 lulta,
574 4453 643 4524 apud
653 4453 846 4524 lerosolymam
861 4467 956 4523 purpu-

167 4542 213 4580 reo
237 4527 335 4581 amictu
359 4526 520 4597 regnabamz
539 4540 589 4596 ego
612 4523 758 4578 homanum
785 4522 955 4592 possidebam

167 4597 308 4668 imperium
322 4613 329 4661 ;
344 4611 395 4668 ego
408 4611 495 4667 reges,
510 4596 617 4661 milites,
631 4603 659 4649 et
669 4593 876 4664 alienigenarum
889 4607 955 4662 geu-

166 4669 231 4723 tium
245 4667 327 4724 duces
339 4668 424 4724 occidi
436 4685 443 4722 ι
454 4666 518 4721 orilri
532 4666 617 4727 Persa,
629 4677 656 4719 ct
670 4662 750 4720 ludus
763 4678 868 4731 aurum,
880 4678 955 4734 gem-

166 4754 233 4807 mas,
251 4740 327 4805 ebur,
341 4747 479 4811 argentum
498 4744 525 4792 et
543 4736 669 4801 sericum,
689 4743 810 4805 totasque
824 4747 889 4804 opes
907 4733 955 4788 ad·

168 4812 254 4865 rexit:
267 4820 294 4865 tu
305 4819 439 4876 meumua,
452 4808 559 4873 rustica,
573 4815 634 4877 apta
648 4806 803 4875 pecoribus;
816 4812 842 4858 tu
856 4803 955 4873 pressis

176 4896 192 4933 u
208 4881 320 4935 rallilrus
338 4889 439 4935 tantum
452 4877 622 4933 diversabare
640 4875 771 4941 sollicita;
788 4886 815 4929 tu
832 4884 954 4929 cerasta

173 4964 232 5016 ιιι
250 4949 409 5005 condensior
423 4951 443 5014 ¹,
454 4949 497 5003 cui
515 4953 632 5002 sinuosus
649 4945 715 5015 lapis
732 4945 852 5000 tinridum
867 4957 955 5013 quou-

167 5035 172 5068 ι
184 5033 226 5071 aru
241 5018 385 5087 prestabat
399 5019 553 5087 hospitium,
567 5017 607 5073 lac
618 5016 653 5072 dc
665 5030 754 5082 caseo,
766 5015 881 5070 racciuia
893 5029 954 5069 curu

165 5087 261 5156 glnude
276 5087 419 5142 mandebas
430 5103 464 5141 :e
482 5088 676 5142 ol’lraruoueut
698 5085 723 5139 in
744 5086 800 5140 suis
821 5083 953 5152 curribus,

165 5155 372 5228 rgoAEgyptios,
384 5172 434 5226 ego
443 5103 617 5224 Clanauaeos,
628 5157 775 5222 lebusaeos,
786 5154 953 5221 etCethaeos,

164 5237 192 5285 ct
206 5227 361 5283 l‘lrrresaeos
375 5240 451 5298 reges
465 5226 559 5281 occidi.

200 5297 431 5356 manceriolas:
447 5296 617 5365 Recognosce
632 5311 691 5366 quas
711 5294 837 5364 loqueris,
853 5303 878 5347 ιι
897 5294 955 5349 lau·

164 5369 213 5428 des
227 5382 286 5426 tuus
299 5367 407 5424 dlliitrri
423 5382 475 5422 urm
492 5381 609 5434 possum.
626 5366 686 5420 Scio
701 5368 761 5435 quia
777 5367 850 5420 urbis
864 5373 916 5418 tuas
929 5374 956 5419 ιι

163 5442 304 5498 arrrbitiosa
327 5440 382 5495 lora
405 5447 433 5494 ct
451 5435 580 5562 Caqitolia
602 5437 673 5492 suisa
693 5436 780 5489 uidisti
797 5451 804 5487 :
820 5449 955 5489 armorum

164 5522 270 5569 tuorrmr
286 5511 435 5582 impressio,
449 5517 476 5565 et
502 5506 618 5577 algentia
630 5508 785 5578 clypeorum
799 5505 884 5574 signia,
898 5506 954 5575 spi·

163 5584 239 5651 cula,
262 5597 351 5650 enses,
376 5581 464 5654 jacula
489 5579 631 5634 ruissoruru
658 5583 785 5639 telorum,
812 5589 955 5647 expressus

196 5739 204 5772 ¹
222 5744 301 5801 rorte,
312 5738 489 5801 ιιιιιιιιιιιις
502 5742 552 5795 ιιι,
560 5732 723 5799 ιιιιιιψιὶιι.

1182 875 1226 896 ιι,

1009 1031 1172 1100 equestrium
1186 1029 1349 1085 exercituum
1364 1028 1488 1099 gemitus,
1499 1042 1618 1110 magnos
1636 1041 1766 1091 ornatus
1778 1036 1828 1093 do.

1007 1115 1053 1155 ces
1066 1112 1092 1156 et
1108 1111 1234 1173 tyrannos
1248 1101 1351 1155 strant.
1369 1101 1430 1154 Scio
1452 1107 1602 1168 potentiano
1626 1111 1726 1168 tuam,
1746 1120 1827 1176 quana

1007 1168 1172 1243 ierosolyma
1187 1171 1229 1224 illa
1246 1169 1383 1239 pornparili
1402 1167 1470 1225 tastu
1489 1170 1651 1227 ructuabat.
1669 1172 1742 1229 Seio
1754 1178 1827 1233 euin

1007 1241 1067 1309 qnia
1084 1241 1131 1296 tibi
1145 1241 1278 1311 quondam
1292 1238 1428 1293 ltouranus
1440 1239 1511 1295 orbis
1526 1239 1694 1306 intremuit,
1704 1254 1738 1300 ιι
1753 1257 1825 1301 terra

1006 1311 1124 1379 gentium
1135 1311 1279 1380 palpitarit.
1287 1309 1339 1364 Sed
1349 1323 1451 1363 memor
1460 1323 1520 1364 esse
1527 1308 1614 1367 debes
1625 1313 1702 1382 quid
1712 1327 1827 1385 propter

1008 1394 1088 1435 troam
1110 1382 1249 1435 mulierem
1271 1380 1363 1433 lliuam
1385 1377 1481 1433 leceris
1495 1379 1522 1433 in
1535 1378 1653 1436 Sielreru
1670 1399 1679 1437 ε
1696 1385 1826 1442 irrrbellet

1008 1449 1141 1514 homines,
1157 1461 1183 1506 et
1199 1449 1358 1504 innocentia·
1372 1463 1427 1503 ιιι
1441 1449 1543 1504 bonore
1557 1449 1719 1522 fulgentes,
1737 1456 1825 1513 lano.

1008 1534 1071 1574 uum
1084 1520 1135 1575 ritu
1146 1521 1254 1576 vastasti
1267 1517 1341 1590 (Gen.
1352 1534 1446 1584 xxxiv,
1456 1518 1514 1591 ιθ).

1043 1589 1182 1647 Srnsooou
1198 1588 1335 1659 respoudit
1347 1607 1353 1641 :
1366 1588 1488 1643 Potestas
1509 1588 1585 1658 regni
1610 1592 1772 1660 permissae
1794 1595 1824 1651 li-

1008 1658 1119 1715 bertatis
1139 1660 1241 1729 accepit
1261 1657 1409 1714 audaciam.
1424 1657 1558 1729 Numquid
1576 1659 1603 1714 in
1626 1675 1665 1716 eo
1684 1677 1823 1733 pweanse

1008 1744 1051 1784 me
1068 1729 1166 1796 credis,
1181 1731 1204 1784 si
1222 1729 1273 1783 sub
1291 1728 1402 1798 imperio
1416 1742 1476 1782 meo
1490 1728 1623 1785 maculari
1641 1746 1719 1801 qaros
1733 1735 1821 1801 nolui,

1007 1808 1053 1854 aut
1074 1815 1147 1855 meos
1171 1797 1282 1854 lursitau
1306 1797 1422 1854 rebelles
1443 1797 1546 1853 occidi!
1566 1798 1619 1865 Qui
1645 1812 1820 1869 potestatem

1007 1885 1022 1924 r
1056 1869 1135 1924 naudi
1145 1868 1265 1935 dederat,
1277 1866 1390 1923 lacicudi
1404 1867 1439 1921 uti
1461 1882 1494 1923 ue
1503 1866 1636 1938 quidquid
1651 1872 1761 1928 vellem
1774 1876 1818 1929 io·

1007 1939 1126 2021 cluserat
1139 1938 1271 2009 dignitati.
1282 1939 1335 1992 Ant
1350 1936 1394 1991 dic
1413 1883 1477 1991 orlaa
1490 1956 1497 1990 :
1510 1938 1533 1993 si
1546 1937 1636 2008 legem
1654 1955 1715 1996 noo
1733 1943 1817 2000 babet

1007 2024 1052 2080 qur
1072 2008 1180 2079 proprio
1199 2017 1293 2078 regnat
1313 2008 1435 2077 imperio,
1453 2014 1480 2061 ιι
1498 2006 1544 2076 qul
1562 2009 1689 2075 possidet
1714 2022 1815 2080 totum,

1009 2094 1119 2204 necgsse
1132 2086 1173 2134 cst
1187 2087 1215 2134 ut
1229 2078 1303 2148 regni
1321 2079 1466 2147 potentiam
1482 2090 1656 2149 quocumque
1670 2082 1753 2139 volet
1769 2100 1817 2140 ex·

1008 2156 1051 2206 ten
1071 2157 1108 2204 ιι.

1044 2220 1172 2276 Ειιιιιιι
1182 2218 1249 2273 dixit
1258 2235 1264 2271 :
1274 2217 1303 2271 ln
1316 2231 1350 2271 eo
1363 2214 1466 2286 gaudeo
1478 2230 1521 2271 me
1534 2215 1729 2288 sublimatam,
1741 2224 1814 2294 qood

1008 2290 1088 2345 celsis
1098 2290 1195 2345 celsior
1206 2302 1266 2344 sum
1282 2287 1360 2352 lacta,
1371 2296 1398 2341 et
1413 2301 1492 2355 regua
1508 2287 1678 2357 regnantium
1693 2292 1812 2362 disjeci:

1008 2370 1035 2414 ct
1049 2374 1112 2415 cece
1125 2360 1174 2415 sub
1188 2358 1299 2429 pedibus
1314 2357 1381 2411 meis
1396 2364 1538 2424 purpurata
1556 2357 1697 2426 quondam
1717 2364 1811 2433 regina

1008 2429 1134 2484 versaris.
1147 2429 1192 2483 ille
1201 2437 1243 2483 est
1254 2427 1324 2482 cuim
1336 2441 1382 2481 ιιι
1394 2441 1497 2496 regum,
1508 2427 1552 2496 qui
1563 2426 1652 2481 eidcru
1666 2430 1811 2500 imperare

1008 2499 1129 2569 conperit,
1140 2514 1200 2568 quae
1212 2496 1345 2552 seridcrit
1354 2495 1496 2565 aliquando
1511 2510 1647 2565 regnasse.
1664 2499 1810 2570 Regnasti,

1009 2568 1094 2625 fatcor
1105 2588 1112 2624 :
1125 2569 1244 2624 Romana
1259 2567 1305 2622 tibi
1321 2576 1390 2620 terra
1406 2566 1550 2634 subjacuit,
1567 2581 1645 2635 reges
1662 2578 1692 2623 ιι
1708 2572 1811 2638 prinei·

1010 2655 1056 2708 pes
1068 2638 1236 2705 cecideruut;
1249 2636 1309 2692 etsi
1321 2634 1427 2706 quaudo
1439 2635 1608 2700 conflixeras,
1618 2639 1750 2706 captivus
1761 2641 1811 2695 hra-

1009 2708 1058 2764 stis
1076 2708 1224 2764 succubuit.
1242 2706 1300 2761 Noli
1321 2705 1409 2771 irasci,
1424 2705 1447 2760 si
1461 2713 1488 2760 tu
1502 2719 1561 2776 quas
1574 2703 1665 2762 lucras
1679 2709 1808 2778 domina,

1010 2779 1074 2832 urilri
1088 2778 1156 2834 laeta
1168 2776 1284 2833 ridearis
1294 2775 1399 2830 ancilla.

1045 2846 1182 2902 Saracena
1194 2845 1331 2915 respondit
1342 2862 1348 2897 :
1360 2844 1427 2912 Quia
1441 2853 1467 2898 te
1481 2852 1554 2899 tauto
1565 2846 1703 2914 preconio
1714 2848 1810 2907 decla·

1009 2918 1084 2984 rasti,
1098 2917 1179 2987 proba
1193 2916 1328 2980 ancillam,
1339 2923 1366 2969 et
1378 2914 1512 2968 domiuum
1526 2928 1703 2984 recognosco.

1046 2987 1176 3043 Ειιιιιιιι
1185 2986 1267 3041 dixit:
1279 2985 1368 3040 llabeo
1379 2984 1493 3049 tabulas,
1502 2984 1586 3039 recitu
1599 2994 1808 3055 testamentrms,

1009 3058 1080 3129 quud
1103 3057 1189 3114 scriba
1208 3055 1340 3126 quondam
1362 3061 1422 3108 tuus
1440 3061 1514 3108 rates
1531 3054 1650 3124 scripsit,
1665 3067 1695 3112 et
1711 3061 1806 3117 Aaron

1010 3129 1164 3199 magistratu
1180 3135 1310 3197 praeseute
1323 3125 1445 3196 signavit.

979 3253 982 3258 .
1045 3198 1182 3255 qutcoou
1197 3195 1352 3264 respondit:
1367 3194 1428 3249 Seio
1440 3193 1638 3249 Testamentum
1653 3194 1706 3249 sub
1720 3214 1808 3270 ragno

1009 3283 1070 3325 meu
1083 3268 1274 3337 conscriptum,
1289 3264 1335 3320 sed
1353 3263 1414 3318 reio
1433 3263 1536 3319 discere
1557 3265 1601 3321 ubi
1621 3280 1666 3321 me
1685 3266 1809 3325 dictator

1010 3338 1150 3396 uoluminis
1162 3337 1262 3393 servire
1276 3332 1420 3389 mandarit.

1044 3409 1174 3465 Ecetssu
1184 3407 1266 3461 dixit:
1278 3405 1348 3486 Lege
1360 3402 1423 3473 quid
1435 3402 1561 3458 llcbeenc
1573 3403 1608 3459 sit
1616 3403 1732 3470 dietum,
1741 3424 1806 3464 curru

1010 3488 1133 3549 pareret:
1147 3478 1210 3532 Duo:
1238 3485 1305 3530 enter
1317 3491 1343 3528 tu
1353 3484 1422 3527 utero
1435 3483 1476 3526 tao
1490 3483 1558 3539 snat,
1571 3483 1595 3527 et
1604 3475 1655 3529 dun
1668 3481 1761 3546 popula·
1772 3481 1807 3534 rte

1001 3559 1094 3611 ,ventre
1108 3558 1150 3603 ιιι
1162 3494 1314 3611 tintnlennr,
1327 3554 1350 3599 et
1363 3545 1472 3614 populus
1487 3545 1608 3614 papalem
1621 3549 1765 3614 seperabit,
1779 3561 1806 3604 et

1009 3622 1092 3690 rrrojor
1105 3619 1193 3673 serviet
1211 3616 1301 3670 ntiuori
1315 3614 1369 3686 (ld.
1385 3629 1449 3676 xxv,
1461 3612 1518 3684 ιδ).
1534 3615 1613 3669 Certe
1627 3615 1761 3685 rtaajoreur
1777 3630 1807 3676 te

1010 3690 1087 3757 paulo
1109 3698 1172 3744 aute
1192 3685 1283 3742 dixisti
1306 3697 1443 3754 regnasse,
1459 3683 1646 3753 triumphasse,
1661 3698 1805 3756 sceptrum

1011 3760 1141 3819 tenuisse.
1157 3771 1300 3827 purpuram
1314 3753 1481 3824 possedisse;
1498 3768 1540 3807 ιιι
1554 3753 1731 3810 minusculam
1744 3762 1805 3813 rat.

1010 3828 1079 3882 libus
1102 3827 1239 3882 delituisse
1261 3824 1405 3895 quondam,
1424 3823 1467 3877 rel
1487 3823 1513 3876 in
1534 3823 1647 3879 collibus
1664 3824 1802 3885 babitans<

1009 3912 1135 3953 sanorum
1148 3915 1154 3951 ι
1168 3905 1193 3951 ιι
1204 3912 1280 3959 auro,
1292 3901 1457 3956 ornamento,
1470 3893 1560 3964 bysso,
1575 3894 1671 3959 serico,
1684 3900 1804 3962 geminis

1009 3967 1138 4023 claruisse
1148 3967 1296 4030 nobilibus;
1308 3979 1351 4017 me
1361 3963 1490 4017 minorent
1503 3977 1627 4032 pecorum
1641 3965 1711 4020 lacte
1721 3968 1804 4024 rixis·

1009 4053 1048 4093 se.
1060 4037 1117 4108 Ego
1129 4051 1193 4093 ores
1212 4044 1240 4090 et
1259 4047 1366 4105 pecora,
1382 4042 1409 4085 tu
1424 4033 1533 4086 militem
1555 4033 1721 4102 posstdebas.
1737 4038 1804 4094 lude

1009 4108 1129 4178 estquod
1141 4123 1191 4179 ego
1202 4106 1289 4160 mium
1301 4114 1381 4174 atque
1394 4103 1543 4172 pauperior,
1566 4112 1593 4158 tu
1615 4104 1700 4173 major
1715 4116 1744 4161 et
1759 4110 1804 4163 di.

1009 4195 1055 4236 res
1069 4178 1207 4250 subjugata
1226 4175 1301 4239 ruihi,
1317 4174 1399 4244 eligas
1410 4173 1420 4204 ¹
1431 4174 1528 4243 populo
1542 4174 1670 4228 serritura
1689 4177 1801 4232 minori.

1044 4253 1182 4307 Sruacoeu
1203 4243 1362 4316 respondit:
1382 4244 1553 4312 Recognosce
1577 4244 1679 4297 titnlruu
1700 4245 1801 4303 Testa.

1009 4321 1101 4385 urenti,
1114 4320 1191 4374 rideo
1204 4318 1305 4372 litteras
1338 4330 1384 4370 uas
1404 4315 1458 4381 ipsa
1473 4314 1499 4367 iu
1517 4313 1641 4367 thesauro
1657 4330 1718 4369 uteo
1731 4327 1759 4373 et
1773 4320 1800 4373 in

1008 4391 1169 4446 bibliotheca
1194 4332 1377 4444 serrarissed
1400 4385 1481 4438 dicito
1503 4384 1578 4446 urilri,
1592 4386 1727 4453 quomodo
1750 4389 1799 4444 tihi

1007 4462 1106 4523 servio,
1120 4476 1179 4531 qua
1193 4459 1279 4513 adhue
1299 4456 1368 4511 lilios
1389 4468 1462 4509 nreos
1481 4454 1579 4509 liberos
1593 4469 1653 4508 esse
1666 4471 1799 4527 recogno·

1008 4547 1065 4587 sco.
1082 4530 1182 4585 Vacaut
1200 4527 1322 4599 negotiis,
1343 4524 1482 4595 navigandi
1501 4533 1616 4593 potestas
1636 4534 1679 4579 est
1700 4527 1798 4595 libera,

1007 4600 1150 4684 compedes
1163 4600 1293 4661 nesciunt,
1309 4596 1397 4650 nullus
1414 4595 1517 4649 uincam
1539 4593 1679 4650 laborioso
1699 4612 1797 4654 neces·

1007 4674 1094 4726 sitatis
1109 4670 1211 4726 lossura
1226 4667 1362 4738 discerpit,
1378 4665 1469 4719 neseio
1485 4680 1518 4718 au
1538 4663 1585 4719 tibi
1599 4665 1649 4719 sim
1669 4668 1801 4726 seruitute

1007 4742 1135 4798 sub‘ecta.

1043 4759 1176 4868 [ἐιιιιιιι
1188 4808 1256 4864 dixit
1268 4826 1275 4864 :
1287 4806 1486 4863 Testamentum
1496 4805 1607 4866 recolis,
1621 4805 1709 4876 apices
1723 4822 1799 4866 rece.

1006 4884 1122 4954 guoseis,
1134 4895 1162 4937 ιι
1171 4879 1259 4936 adhuc
1269 4894 1322 4935 raon
1335 4878 1432 4947 recipis
1444 4876 1615 4932 serritutcutl

1042 4952 1181 5010 Srnrnoon
1195 4948 1331 5020 respoudit
1342 4965 1349 5001 :
1362 4948 1407 5003 [tie
1421 4955 1448 5000 tu
1463 4946 1527 5001 mihi
1539 4946 1610 5015 quod
1624 4947 1734 5006 asseris.
1746 4949 1800 5005 lle·

1007 5038 1140 5148 coquoseo
1158 5021 1276 5102 Moysen,
1294 5019 1383 5101 audio,
1400 5026 1428 5100 et
1447 5020 1568 5087 relugcre
1587 5032 1640 5070 oon
1666 5032 1797 5086 possuur:

1007 5109 1037 5151 se
1067 5093 1181 5164 qualiter
1194 5091 1239 5146 tubi
1254 5104 1368 5146 seruam
1383 5101 1453 5143 serre
1467 5102 1520 5141 nou
1535 5101 1653 5155 possum.

1045 5164 1173 5220 Ειιιιιιι
1184 5161 1251 5217 dixit
1262 5177 1269 5215 ι
1280 5159 1380 5214 llrrtnre
1394 5165 1420 5213 tc
1430 5172 1481 5211 uon
1495 5166 1570 5225 potes
1580 5174 1587 5222 ;
1599 5172 1707 5227 seruper
1717 5173 1798 5229 negas

1007 5243 1035 5291 ιι
1045 5234 1124 5299 lallis,
1135 5245 1241 5301 semper
1249 5230 1284 5286 de
1297 5229 1411 5284 lalsitatc
1420 5226 1570 5282 contendis.
1581 5228 1661 5282 Certe
1672 5243 1781 5297 regnass
1792 5247 1799 5282 ι

1009 5316 1035 5361 ιι
1048 5314 1111 5361 ιιιι
1125 5302 1226 5368 dixisti,
1246 5315 1307 5356 cnut
1329 5297 1441 5369 populus
1461 5295 1540 5351 lsrael
1562 5298 1649 5352 locum
1670 5300 1799 5352 tenuissrt

1008 5375 1112 5448 imperii
1123 5376 1145 5428 ¹.
1156 5373 1184 5430 Si
1197 5371 1285 5427 adhuc
1299 5382 1404 5438 regnas,
1416 5365 1526 5422 liberam
1542 5377 1567 5423 ιι
1581 5382 1641 5423 esse
1653 5382 1798 5439 cognosce.

1008 5445 1157 5503 ctneedum
1170 5440 1235 5497 mihi
1248 5438 1376 5494 seruitute
1385 5435 1545 5507 subjectam.
1557 5438 1679 5508 Alioquin
1692 5438 1715 5491 si
1726 5446 1799 5492 reeta

1010 5516 1107 5588 populo
1127 5512 1207 5568 lsrael
1226 5508 1388 5565 christianus
1405 5509 1519 5580 populns
1533 5516 1636 5581 regnat,
1649 5514 1755 5564 coristat
1772 5514 1799 5564 tc

1041 5672 1050 5701 ι
1067 5672 1145 5724 rouo,
1157 5662 1239 5725 deque.

1041 5730 1052 5760 ¹
1069 5726 1140 5786 alias,
1152 5724 1226 5774 tntrun
1236 5720 1348 5775 tonum
1358 5732 1494 5788 ιιιιιιιιιιι.

196 5821 234 5883 tn)
246 5819 306 5873 sibit
317 5821 392 5872 halet
403 5820 519 5884 phraseos
526 5817 712 5883 ιιιιιιιιὶιιι.
725 5824 810 5869 aanor
822 5815 916 5868 ridetur
927 5814 1019 5867 aulicats
1028 5817 1069 5863 aut
1079 5804 1387 5875 jmeoonsnltusquispiam
1398 5803 1483 5856 ιιιιιιι.
