3938 6360
279 280 332 338 ιιὸ

281 390 400 457 anserini,
413 396 515 444 tontum
530 385 637 441 menrini
651 390 779 453 qnantum
801 377 865 444 ridi,
884 376 925 432 rol
939 374 1067 445 majorem

281 496 369 540 tamen
385 478 582 551 provoluntate
595 477 693 546 cogito,
706 472 748 537 rel
764 472 894 527 minorem
910 486 917 526 ι
929 477 956 524 ιι
973 468 1007 522 ita
1017 481 1074 561 nro-

281 576 358 640 mini,
370 583 398 627 ιιι
411 572 481 635 ι·ιιιι;
502 570 590 640 cogito
602 577 690 623 antem
711 566 781 621 sieut
793 562 852 618 nolo
867 570 1029 623 currentem,
1046 566 1074 614 ιι

282 667 326 721 nbi
341 665 401 719 rolo
415 669 538 727 stantem,
564 660 634 715 unde
648 657 708 712 nolo
728 665 755 711 et
773 668 826 726 quo
838 653 899 707 nolo
910 651 1071 706 uenientem.

281 758 416 826 eratdrum
436 757 517 811 etiarn
534 754 598 809 mibi
613 752 744 822 cogitare,
760 750 785 803 in
800 753 924 818 promptu
943 750 994 809 est,
1013 756 1072 796 cum

283 851 448 905 meminerim
463 845 607 902 mumdum
619 860 626 907 ;
638 852 663 898 et
678 840 820 911 cuiuslibet
836 835 944 902 coloris,
958 848 1018 888 cum
1031 845 1075 887 so·

282 940 336 997 lem
352 939 464 994 viridem
479 952 613 1007 nunquam
631 934 753 998 uiderim,
766 939 793 985 rt
806 930 865 984 iden
879 944 928 983 nee
943 925 1073 982 memine-

282 1031 333 1085 rim
350 1048 356 1084 :
372 1038 452 1100 atquc
469 1036 498 1081 ut
519 1026 614 1093 solem,
639 1025 674 1080 ita
693 1033 799 1078 caetera.
816 1021 965 1076 limantem
986 1032 1074 1073 rernm

283 1122 386 1186 lormn,
408 1121 533 1191 qnoniam
560 1116 711 1188 corporales
733 1126 812 1185 atquc
833 1112 975 1169 sensibiles
1000 1119 1071 1177 snut,

284 1227 356 1271 errat
369 1214 476 1285 qrndcm
494 1204 609 1277 animus',
623 1226 682 1266 cum
698 1225 744 1265 eas
758 1209 881 1279 opinatur
895 1220 927 1260 eo
940 1204 1020 1259 modo
1031 1202 1074 1257 lo·

285 1308 327 1364 ris
338 1322 407 1372 esse,
422 1304 555 1377 quomodo
570 1305 639 1359 intus
653 1303 760 1373 cogitat,
774 1300 815 1356 vel
828 1314 887 1355 cnm
899 1297 953 1367 jam
967 1294 1077 1350 interic-

286 1406 349 1452 runt
360 1397 434 1464 loris,
455 1404 482 1453 ιι
493 1395 579 1451 adbuc
594 1396 619 1451 iu
636 1393 763 1450 memoria
777 1391 933 1454 retinentur,
949 1389 989 1443 vel
1009 1403 1068 1442 cnm

285 1488 363 1544 aliter
378 1487 468 1553 etiam,
487 1485 557 1558 quod
577 1484 755 1548 meminimus,
772 1498 825 1537 non
840 1477 996 1536 recordandi
1011 1476 1072 1543 lide,

285 1577 333 1633 sed
347 1576 480 1648 cogitandi
491 1575 619 1631 varietate
632 1572 768 1630 formatur.
987 1631 990 1634 ,

324 1670 368 1724 ιι.
381 1670 536 1738 Quanquam
545 1664 692 1736 sepissime
700 1661 928 1719 credamnsetiam
943 1671 1004 1712 rora
1016 1673 1078 1711 nar-

287 1759 417 1825 rantibus,
431 1773 491 1828 qum
504 1757 553 1827 ipsi
568 1756 689 1810 sensibus
704 1760 888 1825 perceperunt.
901 1750 966 1817 Qum
976 1763 1036 1803 omn
1051 1747 1077 1801 in

288 1850 346 1919 ipso
364 1848 455 1903 auditu
470 1847 576 1917 quando
599 1854 742 1902 narramur
754 1845 912 1915 cogitamus,
935 1854 988 1895 tion
1001 1839 1077 1895 side·

288 1948 335 1994 tur
352 1938 555 1994 admemoriam
577 1938 722 2008 retorqueri
738 1937 820 2001 acies,
835 1942 865 1990 nt
883 1935 946 1987 liant
960 1932 1078 1986 visiones

285 2029 583 2100 cogitantium:neque
608 2029 678 2084 enim
707 2043 739 2084 ea
764 2026 841 2082 nobis
864 2023 1076 2089 recordantibus,

287 2119 336 2175 sed
354 2120 406 2174 alio
426 2128 552 2175 narrante
565 2120 712 2190 cogitamus
725 2136 732 2173 ι
746 2126 826 2188 ιιιριι
841 2116 884 2171 illa
907 2115 1011 2170 trinitas
1025 2129 1077 2167 nan

288 2210 331 2264 bic
346 2210 449 2265 ridetur
462 2210 573 2280 expleri,
594 2225 653 2279 qun
674 2207 702 2263 ιιι
717 2222 777 2263 eum
792 2207 895 2277 speeies
909 2208 936 2261 in
949 2206 1078 2262 memoria

288 2298 374 2356 latens
387 2309 414 2355 et
435 2301 501 2356 risio
522 2301 687 2356 recordantis
708 2300 784 2355 tertia
798 2300 933 2354 voluntate
952 2298 1079 2368 copulau-

285 2400 340 2446 tur.
355 2391 413 2447 ιιοιι
434 2391 506 2447 enim
520 2390 592 2461 qnod
613 2390 710 2446 latebat
736 2391 763 2445 in
787 2389 915 2445 memoria
937 2404 1007 2454 rnca,
1031 2388 1078 2443 sed

285 2482 359 2553 qnod
376 2482 465 2548 audio,
483 2483 582 2552 cogito,
597 2497 656 2537 cnm
671 2480 770 2552 aliquid
790 2480 854 2536 mibi
870 2490 1001 2536 narratur.
1020 2481 1077 2534 Non

289 2573 361 2643 ipsas
376 2589 458 2628 noces
472 2573 603 2644 loquentis
622 2573 692 2637 dico,
709 2573 894 2645 nequisquam
912 2582 986 2644 ριιιιι
1006 2575 1032 2629 ιιι
1048 2573 1079 2629 ιι·

261 2710 263 2715 .
287 2667 340 2723 iarn
360 2683 404 2723 nte
418 2668 504 2722 exisse
524 2667 752 2737 trinitatemque
773 2668 838 2723 loris
862 2667 1078 2723 insensibilibus

287 2765 318 2814 ot
332 2758 358 2813 in
379 2758 502 2813 sensibus
517 2757 604 2827 agitur
619 2775 626 2812 ι
640 2755 687 2811 sed
701 2771 747 2812 cas
759 2757 847 2828 cogito
858 2771 1001 2823 corporum
1015 2774 1078 2827 spe·

287 2850 353 2916 cies,
369 2863 436 2919 quas
457 2863 568 2904 narrans
588 2847 677 2903 verbis
697 2847 824 2919 sonisque
843 2848 990 2918 significum
1012 2864 1078 2916 quas

286 2940 381 3010 ntique
396 2954 448 2994 non
470 2939 655 3006 reminiscens,
678 2939 725 2995 scd
740 2939 850 2995 audiens
863 2940 960 3011 cogito.
983 2939 1035 2995 Sed
1056 2941 1077 2996 si

273 3031 438 3103 'diligentins
452 3029 661 3097 consideremus,
678 3045 728 3087 nec
741 3039 803 3085 tnnc
817 3031 957 3086 exceditur
971 3047 1077 3089 menm-

286 3124 334 3179 rim
347 3123 452 3179 modus.
469 3122 560 3194 Neque
574 3122 644 3178 euim
660 3122 700 3178 rel
721 3122 870 3194 intelligere
884 3137 991 3194 possem
1013 3138 1076 3178 nar-

286 3223 401 3281 rantem,
417 3215 440 3269 si
452 3229 484 3272 ea
499 3229 559 3284 qum
572 3214 646 3280 dicit,
661 3221 688 3269 et
704 3215 726 3269 si
742 3223 866 3269 contorta
886 3221 947 3269 tunc
961 3214 1076 3285 pritnnm

285 3304 418 3372 audirem,
432 3320 485 3360 non
498 3314 585 3360 tamen
595 3305 754 3376 generaliter
767 3305 870 3376 singula
883 3306 1075 3361 meminissem.

284 3395 335 3464 Qui
346 3396 417 3451 enim
432 3396 496 3450 milri
512 3406 612 3462 narrat,
629 3395 701 3451 rerbi
716 3397 811 3466 gratia,
825 3395 941 3467 aliquem
958 3405 1076 3452 montem

285 3485 351 3541 silva
364 3497 484 3551 crurum,
499 3493 527 3540 ιι
544 3485 612 3541 olcis
632 3484 764 3552 indutum,
776 3486 801 3542 ei
816 3494 908 3541 narrat
921 3489 965 3558 qui
986 3488 1077 3543 namni-

285 3575 372 3631 ocrim
393 3577 496 3646 species
516 3585 543 3634 ct
561 3577 690 3634 montium
702 3585 731 3634 et
745 3577 872 3634 silvarum
890 3587 918 3635 et
936 3579 1074 3647 olearum3

286 3680 352 3738 qnos
364 3667 387 3722 si
396 3667 494 3723 oblitus
503 3683 602 3734 essem,
616 3669 677 3738 qnid
690 3669 791 3727 diceret
805 3670 915 3726 omnino
929 3672 1071 3740 nescirem,

285 3764 314 3810 et
334 3757 394 3811 idco
414 3758 591 3811 narrationem
611 3758 682 3812 illam
703 3760 820 3830 cogitare
835 3774 887 3814 non
900 3775 1018 3830 possem.
1039 3762 1076 3817 lta

286 3847 358 3903 litut
376 3850 464 3903 omnis
482 3848 527 3919 qni
547 3850 694 3919 corporalia
709 3850 816 3921 cogitat,
836 3850 892 3905 sire
905 3852 961 3921 ipse
974 3852 1073 3922 aliquid

285 3939 430 4010 corallngat,
442 3939 498 3996 sire
512 3939 611 4006 audiat,
625 3949 671 3995 out
684 3940 754 4012 legat
767 3942 808 3996 rel
824 3943 955 4012 praeterita
970 3958 1078 3999 narran-

286 4038 351 4096 tem,
367 4030 410 4085 rel
423 4029 511 4087 lotura
525 4032 757 4102 praenuntiantem,
771 4033 805 4089 ad
826 4049 981 4090 mentorum
999 4051 1075 4092 snam

284 4128 415 4185 recurrat,
436 4130 463 4176 et
484 4120 520 4176 ibi
541 4122 657 4192 reperiat
680 4123 788 4179 modum
813 4134 893 4196 atque
919 4141 1074 4185 mensuram

284 4212 404 4267 omnium
424 4212 568 4268 turmarum
589 4229 655 4286 qum
674 4215 794 4287 cogitans
807 4218 934 4273 intuetur.
949 4218 1014 4274 Nam
1028 4237 1076 4276 ne-

283 4319 336 4373 que
356 4305 474 4360 colorem
493 4322 571 4377 quun
594 4322 726 4377 rnrrrqnam
748 4309 824 4375 aldit,
853 4326 939 4382 neque
964 4312 1073 4382 figuram

283 4394 414 4464 corporis,
438 4412 487 4451 nce
511 4412 607 4453 santum
627 4414 705 4469 quem
729 4416 863 4471 nunquam
886 4403 998 4469 arnlinit,
1024 4418 1075 4460 nec

283 4501 406 4555 saporem
422 4504 500 4557 ιριιιιι
519 4506 654 4561 nnrrqnam
667 4493 792 4562 gnstavit,
807 4509 856 4550 nec
868 4494 979 4550 odorem
993 4512 1073 4566 quem

286 4592 422 4647 nunquam
435 4577 535 4644 ottecu,
548 4595 596 4634 ιιιι
611 4580 691 4635 ullam
702 4580 940 4639 contrectationem
954 4587 1074 4655 corporis

283 4684 362 4739 quam
380 4685 515 4741 nunqnam
536 4663 638 4738 sensit,
651 4683 738 4742 potest
749 4677 889 4746 quosquam
904 4677 1015 4733 omnino
1029 4693 1075 4733 co·

206 4761 212 4772 '
282 4763 378 4833 gitare.
394 4765 428 4818 nt
449 4764 472 4819 si
490 4766 629 4835 propterca
651 4781 730 4822 nemo
747 4767 845 4838 aliquid
867 4769 1007 4840 corporale
1028 4785 1074 4825 co-

282 4855 348 4924 gitat
362 4856 412 4910 nisi
424 4856 495 4926 quod
514 4858 609 4923 sensit,
625 4858 686 4929 qnia
701 4874 779 4914 tremo
799 4861 920 4917 merninit
933 4865 1073 4934 corporale

283 4945 382 5014 aliquid
408 4948 458 5001 nisi
480 4948 551 5018 quod
573 4950 666 5017 sensit,
692 4951 761 5006 sicut
783 4953 809 5007 ia
833 4955 990 5024 corporibus
1009 4971 1073 5012 sen·

282 5036 377 5104 tieudi,
398 5038 438 5093 sic
456 5039 482 5094 in
503 5042 632 5097 memoria
651 5052 691 5097 est
708 5044 840 5114 cogitandi
854 5045 958 5103 modus.
973 5047 1073 5104 Sensus

282 5129 357 5185 euim
376 5130 474 5201 accipit
491 5133 607 5203 speciem
620 5134 655 5190 ab
673 5150 706 5191 eo
718 5151 830 5207 corpore
841 5139 912 5210 quod
931 5142 1071 5211 sentimus,

281 5232 309 5278 ιι
334 5235 349 5276 a
369 5238 448 5278 sensu
472 5225 619 5294 memoria,
641 5241 656 5281 a
681 5230 808 5285 mernoria
825 5246 890 5288 nero
908 5234 980 5291 acics
999 5238 1072 5308 eogi-

272 5314 372 5371 motis.

316 5408 361 5464 ι5.
382 5406 512 5464 Voluntas
528 5421 609 5480 porro
618 5409 688 5467 sicot
701 5410 822 5482 adjungit
833 5427 941 5470 sensum
954 5419 1071 5489 corpori,

280 5496 321 5553 sic
333 5499 489 5555 memoriam
504 5499 607 5565 sensui,
620 5500 660 5557 sic
672 5501 814 5574 cogitantis
822 5505 907 5561 aciem
922 5509 1070 5567 memorie.

281 5590 347 5659 Qua
358 5602 448 5648 autem
462 5593 587 5649 corneliiat
602 5593 651 5648 ista
664 5604 744 5666 atque
755 5597 903 5669 conjungit,
919 5599 975 5670 ipsa
989 5601 1071 5659 etiam

281 5680 410 5754 disjtrmit
422 5699 453 5743 ae
465 5697 581 5758 separat,
596 5686 685 5757 idest,
699 5689 831 5747 noluntas.
846 5688 902 5747 Sed
916 5707 932 5748 a
952 5695 1069 5752 sentien·

842 266 886 321 ue
906 255 1099 324 TlthlTrlTE,
1120 259 1148 316 S.
1169 259 1350 319 nbubsnm

1866 270 1920 327 996

1129 369 1169 426 dis
1187 373 1343 442 corporibus
1365 383 1438 430 motu
1452 376 1571 446 corporis
1593 389 1699 447 separat
1718 382 1838 451 eorporis
1855 398 1922 439 sen·

1126 477 1182 527 sns,
1200 480 1233 518 nc
1246 466 1345 536 aliquid
1360 471 1517 533 sentiamus,
1533 478 1578 524 ant
1593 480 1620 525 ut
1631 473 1732 528 sentire
1742 473 1919 533 desinamus:

1126 553 1208 609 veluti
1224 569 1284 609 enm
1300 556 1401 622 oculos,
1415 558 1449 613 ab
1458 574 1490 612 eo
1504 561 1575 630 quod
1590 560 1681 617 ridere
1698 563 1832 633 nolumus,
1844 582 1922 624 arer-

1127 645 1218 709 timus,
1233 647 1276 702 rel
1290 647 1439 705 claudimus
1455 667 1462 703 ι
1478 651 1517 705 sie
1531 665 1608 706 aures
1622 668 1636 706 a
1650 656 1734 720 sonis,
1746 656 1785 710 sic
1798 672 1877 712 nares
1888 661 1922 715 ab

1126 737 1265 794 odoribus.
1287 738 1325 794 lta
1338 740 1417 795 etiam
1435 743 1477 797 vel
1491 758 1522 797 os
1541 743 1702 811 claudendo,
1716 748 1758 801 rel
1772 749 1872 818 aliquid
1888 766 1921 806 er

1126 844 1174 887 ore
1186 832 1337 902 respuendo
1351 848 1367 887 a
1380 834 1520 904 saporibus
1535 851 1699 891 aversamur.
1722 839 1749 892 lu
1764 847 1836 894 tactu
1851 857 1920 911 qno·

1127 935 1181 990 que
1200 921 1241 976 tel
1260 922 1441 979 subtrahimus
1457 939 1555 995 corpus
1570 942 1604 981 nc
1619 934 1758 998 tangamus
1781 932 1851 1001 qnod
1872 949 1920 987 no-

1127 1013 1223 1077 lumus,
1238 1014 1279 1070 rel
1290 1015 1313 1070 si
1322 1015 1377 1085 jam
1393 1017 1576 1087 uangcbamns,
1590 1019 1728 1088 abjicimus
1749 1034 1795 1077 aut
1812 1027 1920 1094 repelli-

1126 1118 1197 1158 mus.
1211 1103 1250 1158 lta
1264 1115 1336 1159 motu
1356 1107 1475 1176 eorporis
1487 1105 1541 1178 agit
1557 1109 1688 1172 voluntas,
1705 1127 1738 1166 ne
1752 1128 1847 1169 sensus
1860 1130 1919 1170 cor·

1128 1197 1200 1266 poris
1231 1196 1310 1252 rebus
1343 1198 1514 1254 sensibilibus
1538 1201 1687 1270 copuletur.
1724 1205 1756 1259 Et
1786 1207 1840 1276 agit
1872 1207 1922 1263 bne

1127 1295 1254 1356 quantum
1279 1297 1365 1357 potest
1379 1305 1386 1341 :
1401 1304 1461 1342 nam
1484 1304 1544 1344 eum
1564 1292 1590 1344 in
1612 1292 1667 1346 bac
1684 1295 1789 1352 actione
1811 1308 1922 1368 propter

1128 1378 1307 1433 cortilitinneru
1331 1381 1436 1435 servilis
1459 1383 1627 1438 rnonatrtans
1649 1384 1832 1444 dillicultatem
1855 1392 1921 1461 pati·

1129 1478 1181 1536 tur,
1198 1472 1334 1526 cruciatus
1350 1482 1390 1527 est
1407 1487 1584 1544 consequens,
1607 1484 1635 1530 ιιι
1649 1478 1777 1535 aolrrntati
1795 1482 1861 1537 nibil
1876 1500 1921 1540 re·

1128 1560 1190 1631 liqui
1206 1561 1260 1628 irat,
1276 1563 1328 1616 nisi
1343 1564 1493 1618 tolerantia.
1508 1565 1662 1621 llcmuriarn
1674 1584 1738 1623 nero
1752 1585 1766 1625 a
1782 1585 1862 1627 seusu
1876 1591 1921 1630 ro·

1129 1650 1216 1706 luntas
1235 1654 1339 1718 avertit,
1352 1668 1413 1708 cum
1431 1654 1457 1708 iu
1480 1656 1552 1711 alind
1569 1658 1668 1712 intento
1689 1676 1742 1715 non
1757 1662 1782 1718 ei
1797 1664 1862 1720 sinit
1878 1666 1919 1722 in·

1129 1741 1231 1799 berere
1252 1747 1402 1815 presentia.
1425 1746 1502 1814 errrd
1523 1750 1738 1808 animadvertere
1765 1754 1842 1810 lacile
1868 1769 1917 1822 est,

1129 1848 1189 1889 cnm
1221 1849 1293 1904 sepe
1318 1851 1408 1891 comm
1431 1838 1582 1908 loquentem
1608 1841 1684 1896 nobb
1706 1843 1822 1914 aliquem
1849 1849 1920 1904 alind

1129 1926 1269 1997 cogitando
1294 1943 1346 1982 non
1366 1929 1474 1985 audisse
1497 1931 1573 1986 nobis
1595 1932 1725 1989 ridemur.
1752 1934 1859 1992 Falsum
1880 1949 1921 1994 est

1129 2028 1217 2074 autem
1230 2037 1236 2072 :
1250 2020 1399 2076 audirimus
1421 2022 1503 2090 etnim,
1523 2023 1637 2079 sednon
1662 2027 1842 2095 meminimus,
1859 2032 1921 2087 snb

1130 2110 1191 2166 inde
1205 2126 1253 2181 per
1265 2112 1370 2168 aurium
1391 2129 1499 2169 sensum
1520 2116 1669 2172 labentibus
1683 2120 1792 2176 necibus
1806 2122 1920 2178 alienato

1130 2215 1194 2259 nutu
1216 2205 1369 2270 voluntatis,
1390 2222 1439 2278 per
1463 2223 1542 2278 quem
1567 2210 1655 2264 solent
1678 2211 1750 2283 inlrgi
1774 2217 1918 2271 memorie.

1130 2294 1224 2350 Verius
1238 2297 1327 2368 itaque
1338 2296 1493 2362 dixerimus,
1505 2312 1566 2353 cnm
1576 2299 1627 2355 tale
1636 2300 1736 2372 aliquid
1745 2303 1851 2370 accidit,
1863 2305 1921 2360 Non

1130 2388 1310 2457 merninimns,
1323 2404 1414 2459 qnam,
1430 2389 1487 2447 Non
1509 2391 1667 2448 andisinms.
1685 2395 1750 2450 Nam
1766 2406 1792 2452 et
1807 2397 1920 2468 legenti-

1129 2478 1178 2534 bus
1193 2482 1290 2543 erenit,
1308 2490 1335 2535 ιι
1348 2465 1412 2536 mibi
1428 2482 1585 2552 saepissime,
1600 2492 1630 2540 ut
1643 2486 1757 2555 perlecta
1772 2490 1865 2558 pagina
1879 2491 1921 2547 ιιι

1129 2570 1251 2640 epistula,
1265 2573 1381 2626 nesciam
1396 2573 1460 2644 quid
1481 2574 1601 2645 legerim,
1617 2587 1644 2632 et
1663 2589 1791 2649 repetam.
1808 2581 1836 2636 ln
1849 2582 1921 2638 alind

1130 2661 1226 2730 qnippe
1247 2662 1349 2718 intento
1368 2671 1433 2718 nutu
1451 2664 1605 2735 voluntatis,
1629 2684 1682 2723 non
1697 2670 1736 2725 sic
1750 2682 1791 2726 est
1804 2672 1922 2729 adbibita

1130 2752 1258 2806 rarernoria
1273 2755 1362 2809 sensui
1373 2755 1504 2824 corporis,
1516 2757 1649 2828 quomodo
1660 2759 1716 2830 ipse
1728 2777 1823 2818 sensns
1844 2763 1922 2819 adbi-

1130 2839 1200 2894 bitus
1217 2849 1259 2896 est
1274 2841 1380 2898 littoris.
1398 2843 1435 2899 lta
1451 2855 1479 2900 et
1494 2847 1661 2903 ambulantes
1680 2849 1782 2906 intenta
1798 2853 1824 2907 in
1848 2853 1921 2910 alind

1129 2930 1275 2997 voluntate,
1290 2934 1412 2990 nesciunt
1423 2951 1475 3006 qua
1497 2938 1648 2994 transierint
1663 2957 1670 2994 z
1684 2941 1754 3010 quod
1770 2943 1793 2997 si
1810 2960 1863 2998 non
1881 2947 1922 2999 ri·

1128 3021 1241 3087 dissent,
1257 3039 1308 3076 non
1326 3025 1517 3093 ambulassent,
1528 3037 1574 3084 aut
1587 3030 1687 3100 majore
1701 3031 1848 3089 intentione
1861 3037 1921 3104 pal-

1131 3110 1218 3181 grando
1229 3112 1422 3181 ambulassent,
1437 3118 1585 3186 praesertim
1605 3121 1626 3174 si
1645 3135 1692 3189 per
1704 3121 1836 3192 incognita
1857 3139 1920 3195 per·

1129 3212 1242 3274 gerent:
1256 3205 1302 3260 sed
1324 3207 1384 3276 qnia
1406 3205 1484 3263 ιιιιιιι
1501 3210 1715 3281 ambulaverunt,
1737 3215 1829 3284 ntique
1843 3216 1920 3274 ride·

1128 3305 1192 3350 runt
1206 3313 1213 3350 :
1229 3297 1292 3367 quia
1315 3312 1380 3352 vero
1405 3313 1458 3354 non
1482 3300 1552 3356 sient
1572 3316 1668 3359 sensus
1690 3305 1827 3360 oculorum
1856 3309 1920 3366 tucis

1128 3402 1295 3459 quatumque
1313 3389 1476 3461 pergebant,
1490 3390 1526 3447 ita
1539 3392 1589 3463 ipsi
1610 3393 1700 3450 sensui
1715 3399 1841 3453 rnenmria
1858 3401 1921 3470 jun·

1128 3478 1249 3549 gebatur,
1270 3480 1343 3535 nullo
1357 3480 1437 3537 modo
1456 3481 1482 3538 id
1500 3482 1571 3554 quod
1583 3483 1709 3542 viderunt
1722 3487 1802 3557 etiam
1822 3504 1919 3546 recen·

1130 3556 1261 3626 tissimum
1288 3573 1442 3631 meminisse
1465 3582 1620 3645 potuerunt.
1643 3576 1701 3633 lam
1724 3594 1805 3649 porro
1828 3582 1862 3638 ab
1887 3598 1920 3640 co

1128 3660 1198 3731 quod
1219 3662 1247 3716 in
1270 3664 1398 3718 memoria
1418 3673 1469 3730 est,
1489 3665 1570 3720 aninti
1589 3667 1674 3722 aciem
1695 3668 1765 3725 nelle
1786 3681 1918 3740 avertere,

1128 3751 1194 3807 nibil
1210 3760 1251 3807 est
1263 3752 1334 3808 aliud
1347 3769 1426 3824 quam
1441 3770 1495 3810 non
1509 3756 1570 3811 inde
1585 3757 1712 3829 cogitare.
1743 3746 1748 3757 ’

1163 3841 1277 3898 CAPUT
1289 3843 1336 3898 tit.
1351 3875 1387 3886 —
1398 3845 1443 3901 lb.
1464 3846 1598 3916 Speciosa
1616 3851 1699 3920 specie
1711 3851 1819 3908 uicissim
1837 3855 1919 3925 gipui-

1128 3941 1180 3988 tur.
1195 3931 1223 3988 ln
1238 3934 1287 3990 bac
1306 3936 1385 4007 igitur
1397 3936 1584 3995 distributione
1598 3956 1659 3996 cum
1674 3943 1815 4015 incipimus
1829 3961 1844 4000 a
1859 3962 1919 4017 spe·

1127 4016 1168 4081 cie
1187 4026 1318 4096 eorporis,
1333 4037 1360 4082 et
1383 4029 1552 4098 pervenimus
1575 4033 1706 4102 usquead
1727 4035 1919 4108 speciemque

1127 4116 1157 4173 ιιι
1169 4118 1195 4174 in
1208 4119 1328 4175 contuitu
1340 4120 1491 4192 cogitantis,
1505 4131 1619 4193 quatuor
1632 4125 1735 4194 specics
1749 4127 1919 4197 reperiuntur

1127 4211 1202 4281 qnasi
1222 4210 1352 4281 gradatim
1373 4220 1443 4266 natae
1464 4212 1547 4268 altera
1568 4228 1600 4268 ιιι
1623 4214 1704 4269 altera
1718 4233 1725 4270 ι
1739 4216 1866 4283 secunda,
1886 4219 1919 4275 dn

1128 4302 1211 4372 prima
1224 4319 1232 4369 ;
1244 4302 1330 4370 tertia,
1343 4302 1377 4359 de
1398 4304 1532 4371 secundm
1546 4306 1697 4377 quartando
1711 4309 1798 4364 tertia.
1821 4310 1841 4364 t
1858 4324 1919 4381 spe-

1126 4396 1167 4450 cie
1178 4396 1276 4466 qnippe
1286 4397 1406 4466 corporis
1416 4397 1487 4468 quod
1499 4398 1625 4465 cernitur,
1639 4401 1760 4456 exoritur
1772 4417 1802 4457 ea
1816 4417 1876 4474 qna
1888 4404 1917 4459 tit

1128 4487 1155 4542 in
1169 4501 1250 4543 sensu
1270 4488 1419 4555 cernentis;
1435 4498 1462 4544 et
1476 4489 1510 4547 ab
1524 4490 1583 4556 bac,
1600 4505 1631 4546 ea
1650 4507 1710 4562 quae
1725 4491 1755 4547 ιι
1768 4493 1794 4548 in
1816 4509 1918 4550 memo·

1127 4581 1166 4636 ria
1178 4597 1186 4646 ;
1200 4590 1227 4636 et
1238 4580 1272 4636 ab
1286 4580 1346 4647 bac,
1365 4596 1466 4652 eaquae
1478 4581 1509 4637 lit
1522 4584 1548 4638 in
1561 4585 1619 4639 acie
1633 4584 1784 4655 cogitantis.
1799 4587 1920 4658 Quapro-

1127 4682 1186 4744 pter
1200 4672 1323 4729 voluntas
1336 4674 1411 4745 qnasi
1423 4683 1560 4745 parentem
1572 4689 1633 4731 cum
1646 4676 1721 4747 prole
1732 4686 1773 4733 ter
1786 4679 1896 4750 copulat
1910 4696 1917 4736 :

1126 4766 1213 4836 primo
1225 4767 1341 4836 speciem
1356 4768 1478 4839 corporis
1491 4783 1551 4825 cnm
1565 4784 1596 4825 ca
1616 4785 1695 4841 quam
1707 4769 1791 4842 gignit
1809 4771 1836 4829 in
1858 4789 1920 4832 eor·

1128 4858 1200 4928 poris
1222 4873 1319 4926 sensu;
1342 4867 1370 4915 et
1385 4860 1468 4932 ipsam
1481 4878 1573 4917 rursus
1587 4877 1692 4918 cumea
1707 4878 1766 4933 qnae
1781 4864 1810 4920 ιιι
1824 4879 1857 4921 cx
1876 4866 1920 4923 illa
1936 4860 1938 4864 ’

1126 4949 1153 5005 ιιι
1168 4950 1315 5018 memoria;
1330 4960 1410 5022 atque
1424 4953 1501 5008 istam
1522 4967 1628 5024 qnoque
1641 4954 1720 5009 tertio
1739 4969 1800 5010 cum
1815 4969 1847 5013 ea
1860 4973 1920 5028 quae

1126 5058 1160 5100 ex
1172 5044 1216 5099 illa
1230 5045 1333 5116 parium
1346 5046 1371 5099 in
1383 5046 1527 5116 cogitantis
1537 5045 1644 5101 intuitu.
1659 5047 1713 5102 S'ed
1726 5048 1813 5104 media
1823 5052 1919 5119 copula

1126 5151 1185 5207 qnae
1204 5136 1321 5192 secunda
1343 5146 1394 5202 est,
1409 5137 1520 5193 comsit
1537 5136 1659 5206 vicinior,
1683 5154 1734 5195 non
1755 5136 1808 5196 tam
1823 5143 1920 5198 similis

1125 5235 1167 5284 est
1180 5228 1273 5299 primm
1292 5243 1371 5300 quam
1393 5229 1497 5285 tertia¹.
1512 5228 1637 5285 Visiones
1660 5232 1731 5287 enim
1755 5233 1814 5290 dum
1837 5246 1918 5303 snnt;

1126 5334 1189 5385 una,
1214 5319 1371 5386 sentientis;
1396 5319 1639 5391 attera,cogttanns
1652 5338 1660 5378 r
1674 5332 1704 5379 ut
1724 5333 1815 5380 autem
1835 5328 1919 5396 possit

1125 5428 1186 5471 esse
1199 5415 1267 5472 risio
1287 5417 1438 5489 cogitantis,
1460 5418 1521 5474 tdeo
1535 5417 1564 5474 lit
1581 5419 1609 5475 in
1623 5421 1755 5477 memoria
1767 5420 1801 5477 de
1814 5421 1921 5479 risione

1125 5504 1265 5561 sentientis
1283 5505 1371 5562 simile
1389 5506 1565 5581 aliquidque
1585 5525 1615 5567 se
1627 5509 1663 5566 ita
1678 5510 1854 5567 concertatio
1869 5527 1918 5567 co·

1125 5595 1233 5666 girando
1246 5596 1318 5653 acies
1332 5598 1425 5665 animi,
1449 5600 1519 5659 sicot
1540 5616 1571 5660 se
1585 5602 1612 5660 in
1629 5603 1765 5662 cernendo
1784 5605 1918 5663 roorerru

1155 5706 1164 5738 ¹
1182 5705 1265 5760 tiores
1275 5714 1339 5773 bas..
1354 5715 1440 5763 tertroe.
