3938 6360
56 321 111 381 raa
727 306 1016 368 uuuuournrus.
1641 316 1696 376 ,ω

10 416 21 471 ⁸
54 441 146 490 uinco
159 430 223 503 quid
236 429 372 485 sithomo.
386 427 420 487 Ut
433 427 504 483 enim
518 424 596 497 longe
609 434 785 485 quaeamus,
800 419 852 476 ltoe
905 427 1004 482 molem
1029 434 1170 497 nostram,
1196 427 1266 500 qnod
1294 440 1335 486 est
1357 430 1411 485 rita
1432 437 1461 487 et
1483 432 1582 487 anima.
1605 429 1698 504 lleqne

10 518 18 565 i
57 526 171 580 auritus:
187 531 214 579 et
235 523 308 577 illurn
324 522 374 578 lroc
389 520 489 583 luisse,
505 519 660 574 ctanimam
675 515 733 585 ejus
745 513 851 583 corpori
904 520 979 589 qnasi
1014 518 1137 576 homnae
1173 522 1320 593 prudentiae
1351 521 1515 595 rationisque
1554 523 1692 595 proprium

10 616 17 661 Ι
57 614 208 685 copulatam
220 613 367 669 mortaliter
377 613 474 667 vixisse
484 610 651 667 maniicstum
661 615 711 662 cst.
723 605 780 662 lloe
789 620 854 676 erga
905 619 955 667 est.
970 611 1004 666 Et
1016 611 1108 667 bestie
1125 614 1223 684 qnippe
1235 614 1353 669 sentiunt
1364 614 1466 681 rivere,
1482 628 1535 669 non
1549 622 1651 670 ιιιιιιιιιιι
1664 629 1694 669 se

58 703 93 761 de
115 705 159 760 ilio
180 704 330 768 eredimus,
355 703 424 774 qnnrl
449 701 597 757 invenimus
616 699 643 754 in
663 698 758 764 uobis,
778 696 853 766 juxta

58 797 174 869 speeiem
190 796 231 852 rel
245 812 346 867 genus,
362 812 414 865 qun
425 795 539 849 humana
551 791 639 848 omnis
648 801 741 846 natura
754 788 854 859 pariter

58 889 223 945 continetur.
244 886 312 956 Quid
332 888 411 958 igitur
428 886 461 942 de
479 885 522 941 illa
543 882 699 939 excellentia
716 878 854 937 Trinitatis

58 980 116 1036 sire
129 979 280 1051 specialiter
294 979 349 1034 sire
362 976 522 1050 generaliter
533 974 665 1041 norimus,
679 972 753 1044 «quasi
764 971 855 1026 multae

58 1070 115 1127 sint
134 1071 200 1127 tates
220 1070 365 1134 trinitates,
387 1084 498 1139 quarum
512 1067 614 1138 aliquas
628 1063 729 1135 experti
743 1076 854 1129 sumus,

59 1168 91 1216 ut
105 1176 152 1231 per
164 1162 280 1232 regulam
296 1159 474 1215 similitudinis
487 1158 643 1229 impressam
657 1154 699 1210 rel
711 1152 856 1226 specialem

60 1252 103 1307 rel
117 1251 267 1320 generalem
289 1251 420 1315 notitiam,
430 1249 501 1303 iilam
514 1262 619 1319 quoqne
634 1245 712 1301 talem
727 1259 787 1299 esse
798 1257 856 1298 cre·

61 1341 174 1408 damus;
186 1351 263 1413 atquc
272 1342 369 1396 itarcut
378 1338 596 1411 qunmcredimns
610 1347 636 1392 ct
650 1334 766 1391 trundum
781 1332 857 1387 nori·

62 1450 141 1501 runs,
171 1451 203 1491 cx
232 1435 363 1506 parilitate
388 1431 425 1488 rei
448 1447 527 1502 quam
549 1429 672 1486 novimus
693 1425 856 1496 diligamns?

62 1523 139 1592 Quod
155 1524 245 1594 utique
258 1539 312 1578 non
326 1524 360 1577 ita
375 1530 426 1578 est.
438 1523 478 1577 lln
489 1518 711 1592 quemadmodum
723 1516 858 1588 diligimus

62 1616 91 1673 iu
111 1616 224 1672 liertiae
242 1615 304 1672 lesu
319 1615 442 1681 Clnisto,
457 1613 526 1684 qnod
541 1611 686 1669 resurrexit
700 1625 715 1663 a
729 1609 855 1674 mortuis,

63 1709 184 1780 quamvis
204 1709 266 1764 inde
286 1708 421 1764 neminem
442 1720 556 1777 unquam
569 1701 859 1761 resurrexisserideri·

63 1815 137 1864 mtts,
161 1801 196 1855 ita
213 1799 369 1855 Trinitatem
392 1813 469 1870 quam
492 1812 545 1853 non
559 1795 697 1861 ridemus,
712 1802 738 1848 ct
753 1792 858 1863 qunlem

64 1890 164 1946 trullam
188 1904 304 1961 unquam
328 1888 443 1944 vidimus
454 1912 474 1954 ,·
488 1899 629 1958 possumus
650 1883 783 1940 eredendo
797 1882 858 1936 dili·

63 1981 151 2051 gcre?
172 1979 225 2036 Sed
245 1979 308 2051 quid
329 1980 364 2035 sit
384 1979 471 2043 muri,
486 1986 513 2034 ei
525 1977 587 2048 qnid
600 1977 636 2031 sit
649 1975 752 2039 rirere,
768 1975 858 2044 utique

63 2071 181 2126 seinms:
196 2070 257 2141 quia
270 2081 298 2126 et
308 2070 422 2126 virimus
435 2078 461 2125 et
474 2077 592 2124 mortuos
607 2083 638 2122 ae
651 2067 795 2121 morientes
808 2066 858 2120 ali-

63 2158 170 2230 qnando
191 2159 305 2215 ridimus
326 2168 352 2215 et
374 2159 475 2230 experti
499 2173 598 2213 surnns.
621 2156 690 2225 Quid
710 2165 751 2211 est
771 2166 859 2211 antem

61 2249 135 2329 alind
151 2265 303 2320 resurgere,
319 2250 369 2304 nisi
383 2250 558 2317 reviviscere,
572 2250 667 2317 idest,
682 2264 713 2303 ex
729 2255 814 2302 morte
826 2245 859 2302 ad

64 2339 145 2394 ritum
165 2340 273 2395 redire?
293 2342 358 2397 Cum
379 2356 442 2412 crgo
464 2332 623 2395 dicitnns'ei
649 2339 782 2396 credimus
800 2351 860 2393 esse

64 2427 238 2495 Trinitatem,
254 2430 377 2484 norimus
389 2429 452 2501 qnid
469 2431 505 2485 sit
518 2430 646 2496 Triniaas,
661 2430 723 2501 quia
738 2429 861 2482 novimus

64 2518 127 2588 ‹prid
148 2520 202 2574 sint
223 2521 293 2585 tria;
315 2520 361 2575 sed
382 2536 434 2575 nnn
455 2519 507 2576 lune
527 2520 670 2592 diligimus.
693 2518 759 2575 Nam
774 2517 800 2572 id
814 2516 860 2572 ubi

64 2609 204 2677 volutum,
228 2612 303 2666 incile
322 2611 467 2678 habentus,
486 2621 515 2665 ut
533 2610 585 2665 alia
605 2609 742 2674 omittam,
756 2606 797 2662 vel
812 2608 861 2661 mi·

63 2700 150 2754 rando
171 2701 260 2771 digitis
282 2701 375 2757 tribus.
397 2701 437 2755 Λιι
458 2716 524 2757 rero
546 2699 695 2769 diligimus,
718 2715 770 2754 nnn
790 2696 860 2768 quod

64 2791 152 2845 narnis
163 2792 277 2859 trinitas,
288 2792 335 2847 sed
350 2792 420 2864 qnod
435 2792 567 2858 Trinitas,
579 2792 666 2846 lleusi
679 2790 733 2845 lloe
746 2805 810 2860 ergo
821 2788 862 2844 di·

64 2881 170 2952 ligimus
191 2884 217 2936 in
237 2866 381 2949 Trinitate‚
404 2881 476 2952 quod
491 2883 560 2938 licus
573 2891 614 2937 est
627 2898 634 2935 :
648 2880 695 2936 sed
709 2880 789 2935 lleunr
803 2878 863 2934 uul-

63 2971 118 3028 lnm
141 2973 222 3027 alimn
245 2973 377 3040 ridimus,
405 2981 451 3028 aut
473 2973 618 3037 novimus,
641 2971 703 3041 qnia
727 2984 796 3024 urrus
821 2976 863 3023 est

64 3062 152 3129 Deus,
168 3064 211 3118 ille
226 3064 300 3119 solus
315 3080 395 3134 quem
415 3063 532 3118 nondum
545 3061 674 3127 ridimus,
689 3068 716 3116 ei
728 3057 863 3115 crcdcndu

64 3152 208 3223 diligimus.
223 3154 277 3210 Sed
287 3170 319 3210 ex
333 3170 384 3224 qua
398 3168 488 3208 rernm
501 3163 624 3208 notarum
637 3150 809 3205 similitudine
820 3150 863 3206 rol

64 3247 264 3314 covnpamtiune
284 3243 441 3309 credamus,
464 3259 517 3312 quo
536 3241 617 3297 etiam
637 3238 755 3295 nondum
770 3248 862 3294 uotum

66 3334 149 3390 lleum
165 3334 325 3403 diligamus,
340 3335 391 3389 lroe
404 3333 541 3404 quaeritur.

100 3426 214 3484 CAPUT
234 3427 276 3482 l'l.
298 3458 334 3469 —
351 3428 379 3484 ι).
401 3427 533 3494 Quomodo
547 3426 659 3495 nondum
668 3426 755 3499 jorius
764 3426 864 3498 justum

65 3531 199 3592 rogatorem
213 3538 285 3592 quem
298 3521 391 3594 diligit.
402 3521 469 3578 lledi
482 3536 547 3592 ergo
561 3535 686 3586 meeum,
701 3528 729 3575 et
740 3517 864 3574 conside-

65 3628 157 3668 remus
176 3627 224 3668 cur
242 3613 382 3686 diligamus
403 3613 571 3685 Apostolum.
588 3611 783 3683 Numquidnam
797 3626 864 3681 pro·

65 3712 125 3776 pter
138 3703 281 3759 lmmnnam
296 3707 430 3776 speciem,
443 3720 522 3776 quam
535 3703 700 3759 notissimam
712 3700 840 3758 habemus
854 3740 862 3767 ,

65 3797 180 3869 eoquod
195 3799 328 3854 credimus
341 3813 402 3854 eum
413 3798 547 3853 hominem
564 3796 645 3852 luisse
655 3796 666 3851 i
678 3794 742 3852 lion
751 3792 862 3867 utique:

64 3888 182 3964 alioqqin
203 3904 273 3944 utine
292 3904 346 3945 non
367 3898 408 3945 cst
427 3904 505 3962 quem
522 3887 679 3959 diligamus,
695 3885 863 3958 qnandoqui-

67 3980 129 4037 dem
152 3980 232 4035 ltomo
254 3981 299 4037 ille
311 3981 366 4052 jam
381 3997 434 4037 non
447 3990 507 4047 est;
521 3979 608 4035 auium
621 3981 692 4036 enim
706 3979 764 4050 ejus
777 3995 792 4033 a
804 3992 864 4033 cor·

65 4088 131 4145 pore
140 4081 261 4145 separata
275 4082 325 4148 est.
340 4072 393 4129 Sed
407 4072 432 4127 id
446 4071 517 4143 quod
532 4072 558 4126 ιιι
573 4071 620 4126 illo
634 4085 773 4136 amamus,
784 4069 864 4127 etiam

67 4180 139 4221 nune
150 4166 240 4221 rivere
250 4165 384 4223 credimus
397 4182 403 4219 :
415 4180 535 4221 amamus
545 4164 615 4219 euim
626 4164 744 4219 animum
750 4163 863 4233 justum.

66 4255 107 4310 Ex
130 4271 181 4327 qua
202 4269 267 4325 ergo
288 4254 406 4326 generali
428 4264 474 4310 aut
492 4252 601 4325 speciali
613 4252 722 4324 regula,
738 4252 788 4309 nisi
803 4254 864 4325 qnia

67 4349 167 4405 seimus
179 4357 204 4402 et
217 4346 280 4418 quid
294 4347 329 4403 sit
342 4346 464 4414 animus,
480 4354 507 4402 et
520 4343 584 4418 qnid
596 4344 631 4400 sii
641 4344 750 4416 justus?
761 4343 797 4400 Et
807 4345 865 4400 ani·

67 4454 127 4496 mus
147 4438 254 4511 quidem
277 4435 339 4511 quid
362 4436 414 4504 sit,
439 4452 493 4492 non
517 4435 662 4507 incongrue
683 4449 731 4495 nos
752 4434 865 4493 dicimus

68 4530 129 4587 ideo
152 4544 252 4599 nosse,
276 4528 338 4600 quia
358 4537 384 4584 er
407 4543 457 4603 nos
478 4527 605 4582 labemus
626 4525 865 4598 animum.‚lieqno

68 4625 141 4684 enim
163 4638 278 4695 unquam
298 4621 383 4677 oeulis
403 4620 535 4686 vidimus,
553 4629 581 4674 et
595 4634 626 4674 er
639 4618 812 4674 similitudine
824 4618 864 4673 ri-

68 4733 159 4775 sorutn
172 4715 286 4789 plurium
302 4714 436 4770 notionem
451 4710 602 4784 generalem
612 4708 789 4781 specialemve
801 4725 865 4781 pev-

69 4810 207 4880 cepimns3
229 4806 277 4864 sed
297 4805 401 4878 potius,
419 4814 448 4860 ιιι
463 4802 534 4869 dini,
548 4802 609 4874 qnia
623 4810 649 4857 et
663 4816 712 4857 nos
725 4800 864 4858 habentus.

69 4898 139 4967 Quid
161 4899 233 4954 euim
258 4907 311 4954 tam
335 4896 427 4952 intime
448 4893 552 4957 scitur,
578 4906 660 4963 seque
685 4893 771 4962 ipsunt
806 4906 867 4947 esse

70 4991 151 5046 sentit
161 5009 168 5058 ;
180 5006 258 5062 quam
272 4989 364 5061 idque
377 4988 456 5043 etiam
470 4992 566 5040 coetera
580 4981 751 5049 sentiuntur,
766 4981 865 5050 idest,

70 5081 128 5157 lpse
147 5082 268 5137 animus?
287 5066 353 5140 llam
368 5086 396 5135 et
409 5086 496 5134 motus
511 5090 671 5147 corporum,
687 5072 784 5145 quibus
796 5087 867 5143 prm·

70 5179 112 5228 ter
131 5186 179 5226 nos
197 5172 263 5228 alios
275 5172 368 5228 vivere
381 5168 526 5235 sentimus,
542 5183 574 5224 ex
589 5173 681 5224 nostra
694 5164 867 5225 similitudine

70 5264 238 5335 agnoscimus
262 5279 269 5318 :
291 5264 352 5335 quia
375 5273 402 5320 et
425 5277 474 5319 nos
494 5261 530 5317 ita
551 5274 688 5316 moremus
707 5273 804 5329 corpus
825 5258 866 5313 ri-

70 5354 174 5422 rendo,
194 5355 262 5410 sieut
283 5355 328 5415 illa
345 5370 457 5427 corpora
472 5353 573 5409 morori
587 5350 759 5407 advertimus.
775 5349 867 5421 Neque

70 5448 142 5504 onim
165 5461 225 5502 cum
246 5461 343 5518 corpus
361 5447 450 5501 rivum
471 5454 609 5510 moretur,
627 5443 746 5514 aperitur
757 5443 810 5498 ulla
825 5442 867 5497 via

69 5538 155 5594 oculis
175 5535 273 5593 nostris
288 5536 323 5592 ad
337 5536 476 5593 videndum
489 5538 625 5603 animum,
640 5551 695 5591 rem
710 5551 769 5606 qum
781 5534 866 5593 oeulis

70 5629 230 5695 viderinon
251 5635 339 5700 potest
362 5644 369 5682 ε
392 5625 439 5682 sed
458 5626 496 5682 illi
510 5626 574 5683 moli
586 5625 686 5697 aliquid
702 5626 789 5682 inesse
801 5639 864 5680 sen·

70 5722 150 5778 tium
181 5720 259 5794 quale
295 5718 372 5779 uobis
401 5717 471 5781 iuesl
495 5716 530 5781 ud
553 5714 714 5778 merendum
741 5716 864 5781 inridier

905 700 986 771 ipsas,
999 701 1046 756 scd
1062 702 1141 758 etiam
1153 719 1182 758 se
1195 703 1308 759 invicem
1326 714 1405 775 atque
1422 705 1589 771 altemirunt,
1605 713 1633 761 et
1646 719 1696 760 nos

905 794 988 865 ipsos.
1012 793 1066 850 Nee
1086 796 1189 851 animas
1208 805 1314 851 nostras
1341 796 1441 863 rident,
1465 796 1512 852 sed
1525 813 1560 852 ex
1579 796 1700 851 motilms

906 886 1036 955 corporis,
1053 886 1132 956 idqne
1146 888 1235 942 statim
1254 898 1281 943 et
1294 887 1418 944 ineillime
1432 888 1545 959 quadam
1558 889 1695 959 conspira-

908 975 980 1031 tione
994 978 1118 1035 naneti.
1139 978 1264 1033 llnimum
1279 980 1358 1047 igitur
1370 979 1510 1049 cujuslibet
1519 988 1547 1034 ιι
1556 994 1589 1036 er
1605 987 1697 1035 nostro

907 1067 1039 1131 norimus,
1050 1078 1077 1122 ct
1089 1083 1124 1123 ex
1141 1076 1233 1123 nostro
1247 1068 1381 1123 eredimus
1400 1084 1478 1139 quem
1490 1084 1551 1123 non
1564 1070 1697 1125 norimus.

906 1156 964 1214 Non
984 1158 1055 1213 enim
1075 1168 1175 1213 tantum
1194 1159 1323 1215 sentimus
1336 1159 1464 1226 animum,
1478 1158 1617 1215 sedetiam
1631 1161 1700 1214 scire

908 1263 1050 1320 possmnus
1078 1249 1140 1318 qnid
1166 1249 1202 1305 sit
1227 1250 1331 1305 aninms
1353 1248 1565 1306 consideratione
1590 1249 1699 1305 nostri:

909 1341 1039 1396 lraireruus
1066 1343 1137 1397 enim
1162 1342 1290 1396 animum.
1316 1342 1368 1398 Sed
1394 1341 1456 1413 qnid
1472 1341 1506 1396 sit
1516 1341 1614 1411 justus,
1630 1341 1701 1397 unde

909 1432 1048 1487 nurintus'?
1063 1432 1219 1487 [dixeramus
1233 1433 1304 1488 enim
1324 1446 1372 1488 nos
1394 1432 1550 1502 llpusiulutu
1575 1446 1628 1487 non
1647 1430 1700 1488 alia

909 1536 988 1577 carisa
1007 1521 1127 1592 diligere,
1152 1523 1203 1578 nisi
1225 1525 1294 1594 qnod
1318 1524 1353 1579 sit
1371 1523 1459 1594 justus
1480 1524 1593 1580 animus.
1619 1522 1701 1579 llori·

910 1629 970 1670 mus
989 1629 1053 1684 erge
1076 1623 1101 1669 et
1121 1598 1186 1685 'quid
1208 1615 1244 1671 sit
1267 1615 1366 1685 justus,
1388 1616 1457 1671 sient
1477 1624 1504 1671 et
1522 1615 1585 1687 quid
1597 1615 1631 1670 sit
1644 1615 1702 1669 aui·

909 1722 979 1763 mus.
990 1704 1043 1761 Sed
1059 1705 1123 1776 qnid
1145 1706 1179 1760 sii
1197 1706 1312 1772 aninms,
1332 1714 1362 1761 ιιι
1386 1705 1485 1761 dietnm
1507 1715 1558 1769 est,
1580 1704 1702 1760 novimus

910 1811 943 1852 ex
958 1796 1034 1852 nobis
1052 1815 1059 1850 t
1080 1796 1149 1851 inest
1163 1797 1233 1850 enim
1248 1797 1351 1851 animus
1374 1796 1461 1851 nobis.
1476 1795 1544 1862 Quid
1564 1802 1653 1851 antem
1667 1796 1703 1850 sit

907 1886 995 1958 justus
1015 1887 1086 1963 unde
1106 1888 1239 1953 norituns,
1263 1888 1284 1942 si
1304 1888 1369 1958 justi
1391 1903 1443 1942 nnn
1466 1886 1574 1942 runrusi
1587 1887 1664 1955 Quod
1679 1886 1701 1942 sl

912 1997 992 2037 neure
1013 1982 1084 2037 norit
1107 1982 1168 2052 quid
1192 1982 1225 2036 sit
1238 1981 1325 2052 justus
1339 1980 1388 2035 uisi
1402 1980 1445 2049 qui
1456 1981 1543 2048 justus
1555 1988 1606 2042 est,
1623 1993 1702 2033 neme

910 2073 995 2146 diligit
1013 2073 1116 2144 justum
1140 2073 1189 2128 nisi
1207 2073 1377 2143 janusmm
1399 2072 1469 2126 enim
1493 2079 1579 2140 potest
1593 2069 1704 2140 diligere

911 2181 989 2238 quem
999 2165 1101 2236 justum
1122 2179 1182 2220 esse
1200 2163 1294 2228 credit,
1314 2163 1348 2218 οι)
1362 2160 1414 2216 hoe
1428 2161 1513 2231 ipsnm
1527 2161 1587 2232 qnia
1600 2159 1701 2230 justum

910 2274 971 2316 csse
982 2256 1077 2324 credit,
1088 2255 1110 2311 si
1120 2246 1229 2327 quid'sit
1240 2253 1328 2325 justus
1341 2253 1444 2323 ignorat
1454 2268 1461 2317 ;
1473 2250 1618 2306 seeundum
1632 2247 1702 2320 quod

912 2349 1034 2420 superius
1046 2347 1295 2412 demonstravimus,
1306 2346 1439 2400 nerninem
1450 2341 1636 2415 diligereqnod
1644 2356 1704 2397 cre·

912 2442 952 2497 dit
966 2451 993 2497 et
1005 2457 1058 2495 non
1073 2439 1155 2505 ridet,
1168 2438 1260 2493 nisiex
1273 2437 1359 2507 aliqua
1371 2435 1460 2506 regula
1475 2435 1575 2489 nortun
1589 2446 1702 2503 genera-

912 2535 945 2591 lis
959 2536 1016 2590 sire
1029 2533 1161 2604 specialis.
1178 2533 1216 2587 lle
1229 2548 1275 2603 per
1289 2530 1341 2585 lrne
1353 2530 1374 2584 si
1391 2544 1442 2583 non
1453 2528 1643 2598 diligitJusttnn
1653 2525 1704 2581 nisi

911 2627 1010 2698 justus,
1033 2622 1254 2694 quomodorolet
1266 2622 1378 2694 quisque
1390 2620 1478 2689 justus
1497 2633 1558 2674 esse
1576 2616 1621 2689 qui
1636 2632 1705 2672 nort·

878 2756 881 2761 ‹
913 2718 976 2774 dnm
989 2715 1047 2773 esti
1060 2715 1118 2771 llon
1133 2715 1204 2771 enim
1218 2715 1275 2770 vult
1286 2714 1425 2784 quisqnnrn
1438 2726 1497 2767 esse
1511 2708 1581 2781 qnod
1599 2726 1650 2764 non
1663 2707 1706 2762 di·

914 2808 980 2880 ligil.
996 2808 1029 2866 ttt
1041 2820 1129 2862 autem
1143 2806 1272 2876 sitjttstns
1283 2805 1328 2876 qni
1342 2801 1460 2858 nundum
1472 2811 1523 2868 cst,
1535 2801 1605 2855 volet
1615 2799 1705 2870 utiquo

911 2896 1001 2971 justus
1015 2914 1093 2955 esse:
1107 2908 1135 2954 ut
1145 2906 1232 2952 autem
1242 2896 1315 2961 velit,
1325 2895 1411 2965 diligit
1421 2894 1533 2964 jnstum.
1546 2891 1707 2962 Diligitergo

912 2990 1014 3061 justum
1027 2999 1055 3046 et
1074 2987 1121 3060 qni
1135 2986 1252 3042 nondum
1262 2987 1350 3057 justus
1362 2993 1412 3040 est.
1427 2983 1541 3055 lliligere
1555 2990 1644 3037 autem
1661 2980 1707 3052 ju·

914 3090 985 3138 stum
996 3097 1048 3135 non
1061 3088 1158 3149 potest,
1172 3079 1217 3150 qui
1231 3078 1294 3149 quid
1310 3077 1344 3131 sit
1354 3076 1452 3147 justus,
1468 3075 1581 3145 ignorat.
1590 3070 1707 3129 Proinde

915 3173 988 3228 norit
1001 3172 1065 3244 quid
1079 3172 1113 3226 sit
1122 3170 1220 3241 justus,
1231 3171 1311 3225 ctiam
1326 3168 1370 3240 qui
1382 3166 1500 3223 noudum
1515 3175 1571 3222 est:
1587 3165 1631 3222 ubi
1642 3179 1707 3235 ergo

915 3263 1006 3318 norit?
1028 3278 1091 3318 num
1113 3261 1198 3317 oculis
1220 3259 1302 3316 riditi
1316 3261 1357 3314 dn
1379 3258 1461 3313 ullum
1482 3271 1578 3327 corpus
1593 3256 1706 3327 justum,

915 3355 988 3410 velut
1002 3353 1102 3413 album.
1116 3360 1162 3407 aut
1176 3352 1290 3423 nigrum,
1316 3358 1362 3405 aut
1384 3347 1525 3420 quadrum,
1546 3357 1593 3402 aut
1615 3354 1708 3402 rotun·

915 3446 997 3503 dumi
1014 3444 1079 3513 Quis
1094 3443 1145 3499 ltoe
1159 3441 1271 3499 dixerit?
1283 3443 1317 3498 m
1331 3439 1415 3497 oculis
1429 3453 1482 3495 non
1496 3437 1561 3493 ridit
1580 3436 1630 3492 nisi
1645 3450 1708 3492 eor·

915 3552 992 3609 pora.
1008 3536 1100 3593 lustus
1114 3547 1203 3591 autem
1218 3535 1245 3589 ιιι
1261 3532 1369 3590 luendae
1382 3547 1435 3588 nou
1451 3540 1503 3599 est,
1516 3529 1567 3585 nisi
1582 3528 1707 3584 animus:

916 3638 944 3686 et
957 3644 1017 3685 cum
1032 3627 1114 3684 heuto
1125 3626 1214 3698 justus
1226 3626 1332 3691 dicitur,
1345 3641 1378 3682 ex
1391 3624 1480 3679 animo
1491 3622 1599 3690 dicitur,
1610 3637 1664 3677 non
1675 3635 1707 3676 er

915 3734 1039 3791 corpore.
1053 3719 1100 3775 Est
1111 3719 1182 3774 enim
1193 3717 1313 3789 quedam
1324 3715 1492 3789 pnleltritudo
1505 3714 1584 3770 animi
1592 3712 1707 3785 institia,

916 3825 969 3882 qua
978 3808 1084 3882 pulelrri
1098 3806 1300 3872 suntlmmines,
1317 3806 1436 3878 plerique
1445 3805 1524 3860 ctiam
1538 3805 1582 3876 qui
1593 3817 1707 3874 corporo

916 3900 1021 3959 distorti
1031 3910 1111 3972 atque
1123 3898 1258 3956 deformes
1271 3906 1342 3954 sunt.
1355 3896 1430 3954 Sicut
1443 3906 1531 3952 autem
1542 3894 1708 3949 animusnon

916 3993 1021 4049 ridetur
1032 3991 1129 4059 oculis,
1144 3990 1180 4045 ita
1191 4006 1241 4047 nee
1254 3988 1422 4060 puleltritudo
1432 3988 1500 4059 ejus.
1516 3987 1565 4043 Ubi
1579 4002 1644 4056 ergo
1658 4001 1708 4040 no·
1744 4026 1747 4033 .

916 4089 956 4141 vit
967 4082 1030 4154 quid
1040 4084 1075 4139 sit
1084 4082 1182 4152 justus,
1194 4081 1238 4151 qui
1253 4079 1370 4134 nondum
1383 4088 1434 4143 est,
1449 4086 1529 4147 atque
1541 4083 1571 4131 ιιι
1579 4076 1613 4130 sit
1623 4073 1710 4143 diligit

914 4171 1084 4242 justumidn
1100 4170 1174 4240 signa
1190 4167 1311 4238 quadarn
1326 4182 1374 4237 per
1386 4174 1486 4221 motum
1505 4165 1625 4234 corporis
1638 4161 1709 4217 emi·

917 4271 989 4330 caut,
1004 4261 1101 4333 quibus
1120 4260 1164 4317 ille
1182 4268 1228 4316 aut
1249 4259 1293 4315 ille
1314 4258 1395 4314 lromo
1409 4272 1469 4313 esse
1480 4258 1565 4328 justus
1578 4254 1709 4326 appareti

917 4356 969 4414 Sed
985 4355 1054 4411 unde
1072 4355 1146 4410 norit
1168 4354 1212 4408 llla
1234 4353 1309 4424 signa
1329 4367 1390 4407 esse
1404 4351 1485 4407 animi
1497 4349 1573 4421 justi,
1587 4347 1710 4403 nesciens

917 4450 980 4522 quid
994 4449 1103 4504 omniuo
1116 4448 1151 4503 sit
1160 4447 1268 4518 justusl
1280 4443 1359 4500 Nevit
1370 4457 1443 4513 ergo.
1459 4440 1513 4497 Sed
1528 4440 1572 4495 ubi
1587 4439 1710 4495 novimus

917 4539 981 4612 quid
1000 4539 1035 4594 sit
1049 4538 1147 4610 justus,
1170 4535 1251 4593 etiam
1264 4550 1326 4590 cum
1339 4529 1535 4604 justinondum
1548 4528 1661 4586 sumus?
1680 4528 1710 4584 Si

918 4642 993 4689 extra
1008 4645 1057 4687 nos
1070 4631 1193 4686 norimus
1203 4629 1223 4695 ¹,
1235 4627 1262 4683 in
1281 4638 1394 4697 corpore
1405 4623 1494 4694 aliquo
1507 4623 1640 4677 nevimus.
1656 4619 1709 4675 Sed

918 4734 1023 4781 nonest
1036 4724 1085 4778 ista
1099 4736 1142 4778 res
1154 4720 1285 4792 corporis.
1295 4717 1326 4774 lu
1336 4717 1412 4773 nolris
1425 4716 1504 4788 igitur
1514 4711 1710 4783 novimusquid

918 4816 951 4871 sit
964 4816 1062 4885 justus.
1081 4812 1139 4869 Non
1164 4811 1235 4868 enim
1258 4810 1320 4864 alibi
1342 4807 1393 4863 hoe
1408 4806 1524 4870 inreuio,
1540 4819 1599 4858 cnm
1619 4817 1711 4873 quaero

919 4916 947 4962 ιιι
961 4906 1011 4962 hoc
1025 4905 1146 4975 eloquar,
1163 4902 1212 4959 nisi
1226 4900 1296 4974 apud
1310 4916 1353 4956 me
1363 4899 1465 4970 ipsum:
1480 4906 1508 4952 et
1517 4895 1539 4951 si
1550 4895 1710 4969 interrogem

917 5000 998 5055 alium
1022 4996 1085 5068 quid
1108 4994 1143 5051 sit
1165 4995 1264 5066 justus,
1284 4991 1354 5067 apud
1376 5006 1406 5048 se
1427 4991 1513 5062 ipsum
1534 4985 1630 5059 quaerit
1647 4983 1711 5055 quid

917 5089 1093 5160 respondent3
1108 5099 1133 5144 et
1149 5087 1268 5159 quisquis
1290 5085 1353 5142 ltine
1372 5099 1465 5140 verum
1485 5078 1646 5152 respondere
1661 5093 1710 5148 po·

918 5181 978 5249 tuit,
991 5181 1060 5251 apud
1073 5195 1103 5236 se
1118 5179 1203 5250 ipsum
1217 5182 1279 5251 quid
1294 5175 1468 5248 responderet
1482 5172 1594 5231 invenit,
1606 5167 1712 5232 litl'nr·

918 5273 1054 5344 draginem
1069 5270 1177 5342 quidem
1197 5287 1258 5326 cum
1281 5269 1370 5341 eloqui
1389 5266 1461 5333 vulo,
1476 5265 1546 5336 apud
1567 5263 1709 5331 meipsum

917 5378 1009 5435 qurero
1022 5372 1051 5419 ut
1063 5361 1182 5432 elnqnnr,
1195 5368 1223 5416 et
1236 5361 1306 5432 apud
1320 5374 1363 5415 me
1375 5357 1461 5428 ipsum
1476 5353 1583 5410 inienio
1597 5351 1710 5422 planta·

917 5453 986 5510 siam
999 5436 1166 5523 Carultagit'tis
1176 5469 1183 5506 :
1195 5450 1242 5508 sed
1257 5466 1316 5505 eam
1332 5464 1379 5520 per
1395 5459 1497 5517 corpus
1512 5442 1613 5514 accepi,
1630 5440 1710 5496 idest

917 5560 967 5619 per
978 5544 1099 5615 eorporis
1108 5558 1228 5613 sensum,
1242 5540 1367 5613 qnontnn
1384 5535 1540 5609 praesensio
1556 5549 1586 5590 ea
1598 5544 1711 5602 corpore

952 5724 961 5759 ¹
978 5721 1090 5787 rtertque
1100 5726 1170 5773 uase
1183 5714 1207 5770 si
1217 5726 1369 5785 erroreum
1379 5707 1548 5767 monium
