3938 6360
226 291 279 347 tati

225 412 278 467 tur,
298 415 351 457 nou
365 397 475 455 relative
493 396 526 452 ad
544 393 652 465 aliquid.
669 390 744 448 Unde
756 390 808 445 lroe
828 398 870 443 ιιι
883 387 941 442 lieo
956 398 1015 438 esse

225 493 296 565 quod
309 492 465 553 subsistere,
478 498 505 545 et
523 487 582 542 ideo
593 487 615 541 si
630 499 680 538 una
693 480 809 539 essentia
823 478 1013 539 inuitauerit

225 585 305 640 ιιιιιι
320 579 477 638 substantia.
494 575 627 633 Fortassis
646 574 725 645 igitur
741 569 907 639 commodius
919 566 1014 621 diruu-

226 688 269 731 ιιι
284 685 337 729 tres
351 686 485 743 persona,
503 684 582 739 quarn
601 675 656 722 tres
668 663 835 720 substantiae.

259 762 372 821 CAPUT
385 761 429 817 ll.
440 790 475 800 -
488 761 531 815 lt.
551 757 636 812 Corin
652 755 775 810 Trirritute
788 769 839 806 raon
854 751 952 805 dicotur
965 763 1015 800 uun

225 872 344 923 perterre,
360 865 382 910 et
396 863 445 909 tres
457 852 580 908 esserrtirr.
597 848 635 902 De
647 847 770 902 Trinitute
784 844 846 916 quiri
859 843 960 898 credere
970 840 1015 892 de·

223 951 262 1006 let
274 949 316 1020 qui
329 962 408 1019 supra
420 946 488 1000 dieto
502 959 552 997 nou
572 941 650 1010 rupit.
666 939 747 994 Homo
761 947 783 992 et
800 937 834 990 od
846 935 980 1005 inroqiuem
993 939 1017 986 ei

223 1044 307 1114 inope
322 1040 378 1094 liei.
394 1037 447 1094 Sed
459 1051 494 1092 ue
512 1035 589 1090 nobis
601 1032 710 1088 ridear¹
722 1027 871 1099 suffragari,
886 1026 938 1080 lrne
948 1038 1015 1093 quo·

224 1149 278 1204 que
297 1130 473 1202 requiramus.
489 1127 646 1197 Quanquam
670 1132 698 1179 et
719 1122 767 1188 illi,
783 1122 806 1176 si
826 1119 935 1183 vellent,
949 1117 1016 1171 sieut

223 1224 317 1280 dierunt
331 1232 386 1278 tres
407 1218 580 1282 substantias,
597 1225 653 1271 tres
673 1212 840 1286 hypostases,
857 1218 965 1281 possent
981 1207 1017 1262 di·

223 1330 285 1368 erre
297 1323 352 1368 tres
367 1325 494 1381 personas
510 1309 560 1364 tria
582 1320 706 1378 prosopa.
729 1303 900 1358 illudentem
913 1300 1016 1354 maluo·

224 1414 296 1468 ruut,
310 1402 381 1474 quud
402 1401 471 1457 iorte
492 1397 638 1455 seeundum
656 1395 752 1466 liuguae
773 1407 829 1450 ιιι
847 1388 1018 1447 eonsuetudi-

224 1511 285 1551 uern
297 1494 384 1564 aptius
396 1492 541 1548 diceretur.
555 1487 622 1543 Nam
643 1494 671 1542 et
688 1485 715 1539 in
729 1482 851 1554 personis
865 1479 958 1536 eadem
980 1493 1018 1531 ra·

224 1587 261 1642 tio
272 1595 315 1642 est
329 1604 336 1640 :
351 1597 404 1640 non
417 1582 489 1639 enim
500 1579 571 1637 aliud
585 1587 628 1634 est
642 1578 696 1632 ileo
710 1590 781 1641 esse,
794 1572 865 1628 aliud
877 1584 1016 1641 personam

224 1690 298 1741 esso,
315 1673 363 1729 sed
378 1672 487 1727 omnino
508 1669 589 1724 idern.
606 1667 673 1721 Nam
690 1666 712 1719 si
730 1677 790 1718 esse
810 1661 842 1716 ad
862 1677 892 1717 ιι
908 1660 1015 1724 dieitur,

223 1781 336 1835 persona
359 1779 422 1817 reru
446 1761 573 1823 relatire;
596 1758 636 1813 sie
656 1756 776 1811 dieamus
800 1763 855 1808 tres
876 1765 1014 1822 personas,
1050 1822 1054 1833 ἱ

225 1856 329 1910 turrem
346 1863 373 1908 et
391 1851 488 1908 Filium
505 1860 533 1906 et
546 1848 675 1919 Spiritum
695 1855 829 1911 sanetum,
846 1841 1016 1913 quemadmo·

224 1947 287 2003 tlurn
305 1946 430 2000 dieantur
448 1942 530 2015 aliqui
547 1954 601 1998 tres
621 1939 709 2003 amici,
732 1947 779 1993 aut
792 1945 846 1992 tres
861 1935 1014 2007 propinqui,

223 2045 267 2090 aut
284 2044 338 2089 tres
350 2033 442 2099 rieirti,
456 2031 525 2103 quod
537 2031 590 2086 sint
603 2029 635 2084 ad
650 2028 773 2091 inuicem,
787 2042 839 2080 uon
853 2025 922 2096 quod
936 2041 1016 2080 ιιιιι-

221 2127 334 2198 quieque
348 2141 443 2181 eorum
466 2125 499 2178 sit
512 2123 545 2179 ad
565 2137 595 2178 se
610 2121 707 2192 ipsunt.
721 2119 889 2189 Quapropter
904 2116 1015 2188 quilibet

219 2234 255 2275 tx
268 2219 307 2274 e'ts
316 2218 419 2274 artuicus
428 2224 470 2271 esi
484 2216 598 2270 tittoruut
609 2221 779 2279 eelerorttm,
792 2218 838 2264 aul
850 2209 1015 2279 propinquus

220 2318 268 2365 aut
281 2308 392 2371 rieinus,
409 2306 470 2378 qnia
490 2306 547 2360 haee
562 2303 669 2358 nomina
688 2299 824 2356 relatiuam
840 2298 1013 2370 significatio-

222 2414 284 2456 nem
300 2399 410 2454 habeut.
424 2396 492 2462 Quid
510 2395 593 2465 erqo?
608 2408 670 2448 uum
686 2390 772 2462 plaeet
789 2400 817 2445 ut
834 2389 953 2444 dicamus
966 2387 1015 2471 Pa-

222 2501 290 2546 trem
300 2504 440 2560 personam
451 2502 511 2542 esse
522 2485 582 2540 Filii
592 2494 620 2540 et
629 2482 745 2554 Spiritus
755 2480 850 2549 saneti,
863 2490 908 2535 aut
919 2479 1013 2534 Filium

221 2595 363 2654 personam
383 2593 443 2633 esse
463 2578 551 2632 l'atris
571 2585 598 2631 et
619 2574 734 2646 Spiritus
751 2570 848 2639 saneti,
866 2580 912 2624 aut
931 2568 1015 2638 Spiri-

215 2670 278 2729 ‘tum
301 2679 422 2727 sanetum
443 2682 584 2739 personam
610 2680 671 2720 esse
692 2663 780 2718 Patris
804 2672 832 2719 ιι
856 2659 939 2715 Filiil
961 2658 1014 2715 Sed

221 2778 309 2835 aerque
328 2775 442 2833 persona
465 2761 500 2814 ita
514 2758 566 2813 diei
587 2754 684 2811 alieubi
712 2755 790 2821 solet,
807 2768 893 2824 ueqrre
916 2753 941 2806 iu
964 2750 1015 2808 lrao

222 2851 353 2909 Trinitate
371 2867 432 2906 euru
446 2848 560 2905 dicimus
582 2860 722 2917 personam
739 2844 835 2907 Patris,
851 2842 921 2896 aliud
942 2841 1012 2896 diri·

221 2961 280 3001 nttrs
305 2959 384 3014 qrram
411 2940 586 3004 sulrstautiam
609 2937 705 2993 Patris.
728 2936 870 3004 Quocirca,
896 2942 923 2988 ut
947 2932 1014 2988 sub-

220 3036 317 3093 stantia
339 3034 424 3090 Patris
445 3034 501 3103 ipse
514 3031 593 3086 Pater
610 3038 662 3094 est,
676 3043 728 3082 non
743 3042 795 3097 quo
810 3026 888 3080 Pater
899 3034 950 3092 est,
966 3023 1013 3079 sed

220 3142 275 3199 quo
293 3135 351 3190 est;
369 3128 403 3179 ita
422 3131 450 3178 et
461 3137 576 3194 persorra
595 3120 691 3184 Patris,
706 3133 760 3172 non
773 3115 844 3186 aliud
859 3131 938 3186 quatu
955 3116 1013 3185 ipse

221 3219 299 3275 Pater
311 3225 352 3272 est
367 3234 374 3268 ε
389 3215 465 3270 adse
479 3214 576 3284 qnippe
589 3211 687 3266 dieitur
708 3222 834 3280 persona,
845 3221 897 3260 uon
920 3205 953 3260 ad
969 3205 1013 3260 Fi-

220 3309 287 3365 liatm
297 3308 338 3363 rel
351 3306 478 3377 Spiritum
492 3312 614 3359 salictum
626 3318 633 3367 ;
648 3300 717 3356 sieut
730 3298 764 3353 ad
784 3313 815 3353 se
827 3296 924 3353 dieitur·
942 3295 1016 3350 Deus

217 3407 247 3456 et
260 3412 381 3468 nraqnus,
397 3404 425 3451 et
436 3397 531 3458 botrus,
547 3394 683 3465 sejustus,
698 3398 726 3446 ιι
738 3387 833 3460 siquid
848 3386 919 3441 aliud
934 3385 1016 3455 ltrrjus

218 3489 300 3546 arodi.
318 3490 351 3544 Et
363 3486 586 3558 quemadmodum
601 3484 651 3539 lroe
666 3482 702 3538 illi
717 3490 830 3537 estesse
843 3479 912 3551 quod
929 3481 1012 3534 ileum

218 3597 291 3650 ease,
309 3581 379 3651 quod
393 3593 530 3649 magnum,
546 3575 617 3647 quod
641 3575 739 3629 bortum
760 3587 833 3640 esse;
849 3575 884 3627 ita
905 3571 956 3627 line
976 3570 1014 3626 illi

217 3681 259 3730 ιιι
272 3687 343 3738 esse,
351 3670 423 3741 quod
439 3682 578 3740 personam
593 3680 663 3721 esse.
676 3665 730 3720 Cur
742 3680 805 3735 erqo
820 3680 874 3719 nun
893 3664 950 3718 irae
963 3665 1013 3719 tria

219 3763 299 3819 simiel
312 3776 391 3816 ιιιιιι
403 3774 544 3830 personam
555 3758 680 3824 dirimas,
694 3757 764 3810 sieut
775 3771 853 3810 uuam
869 3757 1012 3812 essentiam

124 3883 127 3887 ·
216 3864 246 3909 et
263 3867 345 3908 unum
359 3851 453 3917 ileum,
468 3849 517 3904 sed
537 3857 592 3905 tres
606 3848 722 3902 dicimus
731 3861 869 3917 personas,
884 3856 1013 3903 errrntres

221 3943 294 4000 ileos
315 3948 362 3995 aut
375 3950 429 3995 tres
443 3939 575 3995 essentias
588 3952 642 3992 non
657 3936 796 4002 dicarnus;
822 3936 872 3999 nisi
888 3938 948 4009 quia
964 3930 1013 3993 ro}

219 4035 308 4090 lomus
321 4034 363 4089 rel
377 4048 458 4088 unum
471 4030 577 4103 aliquod
594 4029 751 4086 vitoaltulum
767 4031 887 4085 serviro¹
901 4030 962 4086 ltuie
976 4031 1012 4085 si-

133 4118 137 4128 “
220 4126 382 4198 gailleationi
395 4140 448 4197 qua
467 4125 620 4194 intelligitur
632 4122 757 4190 Trinitas,
774 4138 807 4178 ne
820 4123 929 4178 onrnino
943 4115 1012 4180 tare·

217 4233 309 4277 remus
337 4216 503 4287 interrogati,
518 4214 580 4287 qnid
594 4221 658 4278 tres,
673 4229 733 4270 eum
754 4223 808 4269 tres
832 4229 891 4270 esse
915 4213 1013 4271 latere·

170 4293 173 4298 ⁴
217 4312 298 4369 muri
310 4310 376 4367 Nam
388 4311 410 4365 si
423 4325 507 4380 perus
525 4319 566 4364 est
580 4306 709 4374 essentia,
724 4306 826 4376 speeies
840 4316 930 4362 autem
945 4305 1011 4362 sula·

217 4403 315 4459 stautia
339 4402 398 4458 sire
418 4415 543 4471 persona,
568 4408 598 4454 ιιι
621 4398 743 4454 nonnulli
766 4398 894 4467 sentiunt,
915 4398 1012 4454 omitte

218 4493 284 4551 iliud
297 4490 434 4563 quodiam
447 4489 518 4557 dixi,
527 4496 650 4559 oportere
663 4488 793 4559 appellari
805 4498 860 4544 tres
868 4489 1013 4557 essentias,

219 4597 250 4645 ut
258 4586 428 4658 appellantur
440 4593 495 4640 tres
507 4581 663 4639 substantiae
680 4581 724 4638 rel
737 4597 868 4653 persona,
883 4581 951 4637 sieut
963 4596 1011 4652 ap·

220 4679 356 4748 pellantur
371 4685 426 4731 tres
438 4675 510 4744 equi,
525 4673 673 4744 eademque
687 4672 812 4727 anirualia
826 4672 886 4738 tria,
900 4686 961 4727 erun
976 4672 1012 4726 sit

216 4770 321 4842 speeies
335 4784 432 4840 eanu,
445 4766 544 4821 arriani
554 4781 648 4836 genus.
664 4764 757 4835 Neque
774 4765 844 4819 euim
859 4765 962 4834 speeies
975 4764 1012 4820 itu

216 4862 355 4933 pluraliter
377 4859 446 4915 dieta
464 4869 516 4925 est,
535 4867 563 4913 et
575 4872 660 4928 gentis
676 4856 855 4929 singulariter,
880 4867 1007 4927 tanquam

215 4951 350 5008 diceretur
372 4959 426 5006 tres
440 4954 500 5020 equi
516 4964 596 5004 unum
610 4945 709 5002 aninral
722 4964 728 5001 :
743 4947 789 5002 sed
802 4947 871 5002 sieut
883 4956 936 5004 tres
949 4949 1009 5018 equi

217 5041 325 5112 spetiali
346 5040 464 5109 nomine,
487 5042 524 5094 ita
542 5040 591 5094 tria
610 5036 736 5093 animalia
754 5039 871 5108 generali
888 5040 1007 5095 nomine.

216 5133 291 5202 erird
311 5133 334 5188 si
348 5132 440 5188 dieunt
459 5131 615 5187 substantiae
635 5127 676 5184 rel
697 5144 819 5199 personae
833 5133 942 5189 nunrine
957 5149 1013 5190 niun

215 5225 331 5296 speeiem
349 5223 504 5295 signiticari,
518 5222 565 5278 sed
584 5218 683 5290 aliquid
702 5219 836 5291 singulare
849 5230 928 5293 atque
943 5223 1011 5280 indi·

216 5313 343 5377 riduuru;
365 5325 396 5370 ut
415 5312 564 5368 substantia
578 5310 621 5366 rel
642 5324 755 5380 persona
777 5327 830 5367 uon
854 5312 890 5370 ita
909 5313 1011 5373 dicatur

216 5407 287 5462 sicut
298 5406 395 5462 dieitur
409 5406 501 5471 laomo,
520 5402 593 5474 quod
605 5417 747 5460 eourmtute
767 5411 809 5460 est
822 5406 947 5463 aturribus
962 5407 1010 5465 lto-

250 5582 260 5614 ¹
272 5585 309 5634 sio
318 5587 412 5632 ιιιιι.
424 5585 451 5631 ιι
459 5577 550 5642 attunt
558 5587 612 5631 tiss.
622 5586 723 5641 arim,
731 5578 817 5633 rident.
827 5580 936 5635 sonandi
945 5591 1010 5647 tiss„

217 5641 356 5769 Ἧι
366 5711 545 5768 amariore.

774 277 816 333 DE
833 269 1032 336 rulrttrlte,
1049 268 1078 325 S.
1098 268 1282 331 ,tdcusrtttt

1823 275 1879 331 iii

1070 381 1195 449 minilurs,
1209 384 1257 440 sed
1269 385 1401 457 quomodo
1417 386 1512 442 dieitur
1528 386 1569 442 lric
1584 388 1675 456 leonto,
1688 389 1762 447 uelut
1779 388 1874 444 Alua-

1070 473 1141 541 iram,
1159 475 1230 530 rolrrt
1251 476 1332 542 isaar,
1356 477 1427 532 reiut
1449 477 1541 544 iaculi,
1557 481 1596 533 rel
1616 481 1636 534 si
1657 480 1717 550 quis
1736 480 1810 534 alius
1825 482 1874 551 qui

1070 568 1149 620 otiam
1161 567 1243 638 digito
1258 584 1375 639 pueseus
1392 569 1568 626 demonstrari
1586 573 1667 642 possit
1683 589 1690 625 :
1704 573 1743 627 sie
1758 587 1877 643 qunque

1070 658 1129 712 illos
1142 659 1235 714 eadent
1260 661 1327 714 ratio
1346 671 1534 732 eorrsequetur.
1553 642 1627 717 Sient
1648 663 1720 718 enim
1739 663 1877 719 dicuutur

1071 747 1215 816 ltlrralram,
1233 749 1305 807 isaac
1323 761 1349 806 et
1361 751 1444 807 Jacob
1459 753 1507 807 tria
1528 753 1671 820 indiuidua,
1686 754 1722 808 ita
1743 762 1805 810 tres
1821 755 1876 807 iro·

1070 843 1166 910 mines,
1192 854 1219 898 et
1241 855 1295 898 tres
1311 846 1416 900 aulrnae.
1432 846 1488 901 Cur
1509 856 1612 918 ergoet
1633 847 1711 902 Pater
1732 857 1760 902 ot
1784 847 1877 901 Filius

1070 944 1093 988 et
1109 935 1223 1005 Spiritus
1233 946 1350 1004 suueurs,
1367 939 1388 993 si
1405 940 1551 994 seeundum
1564 947 1685 1010 genuset
1701 941 1825 1008 speeiem
1844 949 1876 995 et

1070 1014 1234 1098 irqliriduum
1248 1030 1328 1084 etiam
1350 1031 1400 1086 ista
1414 1031 1580 1099 disserimus,
1600 1046 1654 1086 non
1682 1031 1717 1086 ila
1737 1032 1876 1086 dicuntur

1071 1127 1125 1172 tres
1144 1119 1278 1187 essentiae,
1301 1127 1330 1174 ut
1344 1129 1398 1176 tres
1413 1121 1568 1176 substantiae
1589 1137 1636 1176 seu
1652 1122 1798 1192 persona?
1815 1122 1876 1177 Sed

1071 1207 1131 1274 ιιι,
1145 1216 1173 1263 ιι
1183 1207 1247 1275 diri,
1263 1211 1357 1266 omitto
1368 1228 1375 1264 ε
1387 1210 1451 1266 illud
1462 1212 1532 1276 dien,
1549 1212 1571 1266 si
1586 1214 1700 1268 essentia
1713 1227 1802 1283 penus
1816 1223 1873 1277 est,

1070 1312 1122 1352 nna
1133 1300 1248 1354 essentia
1258 1300 1312 1370 jam
1329 1316 1382 1356 non
1399 1300 1478 1358 lrabet
1490 1303 1612 1373 speeies;
1627 1303 1695 1360 siout
1708 1306 1770 1375 quia
1782 1321 1874 1376 genus

1070 1396 1110 1442 ost
1123 1389 1230 1456 animal,
1247 1407 1328 1447 unum
1341 1391 1438 1449 anirnal
1451 1392 1506 1462 jam
1521 1394 1664 1450 nonhabet
1678 1397 1796 1466 speeies.
1809 1397 1873 1453 Nun

1070 1489 1132 1536 ιιιιιι
1145 1497 1209 1553 erpo
1229 1491 1283 1538 tres
1296 1485 1399 1554 speeies
1411 1487 1490 1541 unius
1502 1489 1635 1552 essentia),
1652 1487 1768 1544 Pateret
1784 1488 1874 1545 Filius

1069 1580 1096 1626 ιι
1113 1571 1228 1643 Spiritus
1247 1583 1363 1631 sanetus.
1388 1575 1416 1630 Si
1438 1586 1527 1631 autem
1549 1579 1652 1648 speeies
1671 1584 1714 1632 est
1735 1580 1886 1645 essentia,

1068 1662 1138 1718 sieut
1158 1664 1262 1734 species
1282 1664 1427 1733 esthemo,
1449 1676 1502 1722 tres
1514 1682 1579 1722 roro
1592 1667 1643 1722 ιιιιι
1655 1682 1721 1738 quas
1743 1669 1872 1740 appelia-

1070 1769 1129 1810 nurs
1144 1755 1307 1812 subsunuas
1326 1758 1383 1812 sire
1398 1773 1536 1827 personas,
1557 1759 1595 1814 sie
1608 1759 1728 1815 eamdem
1744 1762 1872 1832 speeiem

1068 1845 1246 1900 eontnruuiter
1258 1846 1366 1912 liabent,
1384 1848 1608 1918 quemadmodum
1628 1848 1776 1916 Abraham,
1792 1850 1872 1906 lsaao

1069 1945 1096 1992 et
1108 1935 1190 1991 lacon
1204 1937 1394 2009 speciemque
1408 1940 1488 1994 lrourn
1499 1939 1606 2008 dieitur,
1621 1942 1802 1997 communiter
1816 1941 1871 1997 laa-

1068 2027 1146 2095 lrent;
1159 2045 1210 2083 non
1226 2029 1293 2085 sieut
1306 2030 1579 2111 humo-subdividitur
1589 2034 1616 2089 in
1630 2033 1776 2102 Abraham,
1791 2036 1871 2094 lsaae

1068 2117 1196 2184 eliasub,
1214 2119 1247 2174 ita
1262 2135 1330 2176 unus
1348 2119 1428 2179 leonto
1443 2131 1470 2177 et
1484 2123 1509 2178 iu
1527 2123 1628 2194 aliquos
1643 2123 1762 2196 singulos
1775 2124 1870 2181 lierni·

1068 2224 1116 2266 nes
1130 2209 1262 2265 subdividi
1275 2221 1362 2281 potest
1380 2231 1386 2267 :
1403 2214 1512 2269 omnino
1531 2217 1602 2270 enim
1618 2231 1669 2269 non
1682 2224 1782 2286 potest,
1801 2218 1870 2287 quia

1068 2315 1136 2356 rinus
1149 2301 1230 2358 ironro
1242 2303 1297 2373 jaur
1312 2303 1432 2374 singulus
1447 2303 1527 2360 homo
1543 2315 1593 2361 est.
1607 2304 1661 2361 Cur
1673 2321 1736 2376 ergo
1752 2322 1804 2360 runa
1819 2322 1872 2363 es·

1066 2391 1152 2447 sentia
1167 2391 1192 2445 in
1207 2400 1262 2447 tres
1274 2392 1448 2460 substautias,
1463 2394 1502 2449 rel
1518 2409 1647 2465 personas
1661 2395 1869 2452 subdividitur?

1066 2481 1132 2536 Nam
1147 2483 1168 2537 si
1188 2483 1304 2537 essentia
1325 2483 1429 2553 speeies
1449 2492 1491 2539 est
1508 2485 1577 2540 sieut
1589 2484 1681 2547 lrurno,
1697 2485 1735 2540 sie
1749 2493 1792 2541 ιιι
1811 2502 1867 2540 una

1066 2573 1182 2628 essentia
1198 2573 1266 2627 sieut
1288 2588 1357 2627 unus
1373 2573 1471 2627 irorno:
1486 2590 1520 2628 au
1539 2574 1607 2630 sicut
1621 2574 1736 2629 dieiruus
1757 2576 1867 2647 aliquus

1067 2673 1121 2720 tres
1134 2663 1256 2720 ltomines
1270 2665 1389 2734 ejrrsleru
1411 2680 1500 2734 sexus,
1521 2666 1640 2736 ejusdem
1657 2660 1865 2738 temperationis

1066 2757 1202 2828 corporis,
1228 2758 1401 2829 ejusdemque
1422 2759 1514 2824 animi,
1537 2775 1614 2813 unum
1636 2773 1697 2815 esse
1719 2771 1900 2829 naturarn·,·'

1067 2858 1121 2905 tres
1137 2850 1209 2905 eninr
1228 2860 1290 2904 suut
1306 2850 1438 2917 lruruines,
1461 2848 1508 2904 sed
1524 2866 1574 2904 tura
1596 2860 1687 2905 natura
1703 2870 1710 2904 r
1726 2850 1766 2906 sio
1779 2851 1863 2907 etlam

1067 2941 1102 2999 ibi
1115 2941 1228 2999 dicimus
1240 2952 1293 2998 tres
1306 2943 1468 2998 substantias
1483 2958 1562 2997 unam
1579 2944 1732 3006 essentiam,
1749 2952 1795 2998 aut
1807 2953 1865 3000 tros

1066 3049 1195 3105 personas
1210 3050 1289 3088 uuaru
1304 3034 1478 3089 substantiam
1491 3034 1533 3089 rel
1549 3035 1711 3090 essentiam?
1727 3033 1785 3091 lior
1796 3051 1865 3091 uero

1067 3137 1209 3197 utcumque
1228 3127 1315 3182 simile
1327 3137 1381 3193 est,
1395 3126 1454 3197 quia
1467 3137 1493 3182 et
1506 3137 1611 3182 ueteres
1624 3128 1669 3199 qui
1683 3128 1764 3183 latine
1778 3127 1864 3183 loruti

1065 3219 1137 3283 serit,
1152 3226 1294 3288 antequam
1311 3217 1439 3273 lralrereot
1460 3217 1510 3272 ista
1528 3217 1724 3288 notitiamque
1742 3232 1798 3272 nort
1815 3217 1864 3273 diu

1066 3316 1107 3364 est
1121 3316 1151 3363 ut
1169 3309 1194 3362 iu
1210 3323 1288 3362 usum
1308 3317 1449 3375 venerunt,
1466 3305 1491 3363 id
1510 3318 1552 3363 est
1574 3309 1718 3364 essentiam
1736 3308 1779 3364 rel
1795 3308 1863 3364 suli·

1064 3402 1202 3470 stantiam,
1219 3417 1267 3472 prn
1290 3401 1333 3456 iris
1352 3405 1475 3455 naturam
1487 3400 1622 3456 dicebaut.
1639 3398 1698 3456 Non
1711 3399 1802 3471 itaque
1817 3417 1863 3457 se·

1065 3491 1181 3547 eundum
1205 3507 1289 3563 genus
1313 3500 1340 3546 et
1367 3492 1470 3561 speeies
1495 3491 1544 3546 ista
1563 3491 1695 3557 dicimus;
1716 3490 1764 3546 sed
1783 3493 1863 3563 quusi

1065 3581 1213 3639 seerrndum
1230 3597 1398 3638 comarunrm
1420 3581 1594 3652 eamdemque
1618 3583 1768 3638 materiam·
1785 3582 1863 3639 Sicut

1065 3690 1097 3730 ιι
1110 3674 1207 3730 eodem
1224 3675 1326 3730 aurosi
1342 3673 1435 3731 llerent
1451 3681 1506 3729 tres
1518 3682 1626 3739 aalma,
1638 3673 1790 3729 diceremus
1805 3683 1862 3731 tres

1065 3772 1167 3820 statuas
1187 3780 1268 3820 unuru
1287 3781 1392 3831 atuurn,
1418 3779 1467 3820 nee
1488 3775 1574 3819 tamen
1599 3763 1752 3819 diceremus
1773 3779 1862 3835 genus

1064 3870 1173 3924 aarum,
1185 3857 1288 3927 speeies
1301 3866 1389 3911 arrtoru
1412 3864 1532 3923 statuas3
1547 3844 1597 3911 ιἰιι
1610 3871 1705 3910 aurum
1725 3857 1859 3926 speeiem,

1064 3956 1166 4002 statuas
1185 3963 1251 4002 reru
1265 3946 1408 4002 indiuidua.
1430 3946 1507 4002 Nulla
1522 3947 1620 4018 quippe
1637 3940 1861 4018 speeies'indiri-

1064 4035 1116 4093 dua
1136 4053 1182 4093 sna
1202 4037 1402 4108 transgreditur,
1421 4046 1449 4092 ιι
1467 4037 1568 4108 aliquid
1584 4047 1659 4092 extra
1679 4037 1861 4110 eomprehen-

1064 4128 1120 4184 dat.
1143 4127 1209 4184 Cum
1229 4128 1300 4184 eninr
1320 4128 1451 4185 definiero
1474 4128 1538 4200 quid
1560 4130 1595 4184 sit
1608 4129 1699 4196 lromn,
1721 4131 1794 4200 quod
1817 4140 1860 4186 est

1064 4233 1161 4275 nenton
1177 4219 1302 4290 speciale,
1321 4218 1419 4291 singuli
1435 4220 1533 4291 quique
1546 4219 1668 4275 ltnmiues
1681 4220 1725 4290 qui
1739 4229 1804 4275 ιιιιιι
1818 4222 1859 4276 iu-

1063 4310 1169 4367 diridua
1181 4310 1274 4366 eadem
1287 4310 1442 4367 definitione
1454 4310 1634 4375 eontinentur,
1651 4326 1701 4368 nee
1710 4311 1812 4382 aliquid
1824 4314 1859 4369 ad

1064 4416 1122 4456 earu
1139 4403 1254 4471 pertinet
1275 4400 1345 4473 quod
1366 4399 1447 4458 homo
1466 4402 1576 4458 nonsit.
1596 4400 1662 4458 Cum
1681 4388 1861 4461 rero'aurum

1063 4493 1206 4560 delirriero,
1218 4509 1271 4547 nou
1290 4493 1354 4549 solae
1376 4502 1480 4562 statuae,
1504 4494 1525 4549 si
1544 4509 1633 4550 aureae
1646 4493 1753 4560 luerint,
1768 4486 1820 4552 sed
1833 4507 1861 4554 et

1063 4583 1165 4650 annuli,
1179 4593 1207 4639 et
1216 4583 1240 4639 si
1249 4584 1312 4655 quid
1326 4582 1397 4641 aliud
1412 4582 1446 4641 de
1458 4598 1524 4640 auro
1536 4583 1625 4652 luerit,
1640 4585 1673 4640 ad
1686 4600 1780 4641 aurum
1794 4602 1860 4658 per·

1063 4674 1168 4743 tinelrit,
1195 4675 1246 4731 etsi
1272 4674 1338 4731 uilril
1363 4674 1425 4731 inde
1450 4673 1506 4742 liat,
1533 4690 1629 4732 aurum
1656 4676 1764 4746 dieitur,
1792 4678 1859 4751 quia

1063 4767 1166 4824 etiamsi
1182 4783 1235 4824 non
1256 4768 1311 4822 sint
1323 4765 1422 4834 aur'eae,
1437 4782 1489 4822 non
1505 4767 1565 4823 ideo
1583 4782 1636 4823 non
1656 4777 1735 4824 erunt
1750 4777 1859 4827 staura.

1064 4861 1129 4915 ltern
1143 4861 1215 4915 nulia
1230 4859 1333 4930 speeies
1352 4859 1457 4915 excedit
1470 4858 1653 4915 delinitionem
1675 4860 1782 4931 generis
1805 4862 1859 4920 sui.

1063 4951 1130 5008 Cum
1152 4952 1222 5008 enim
1237 4952 1365 5008 definiero
1383 4950 1491 5018 animal,
1507 4951 1633 5021 quoniam
1655 4952 1761 5022 generis
1776 4951 1860 5024 larrjus

1063 5044 1166 5115 speeies
1184 5052 1226 5099 est
1241 5058 1335 5115 equus,
1353 5042 1441 5098 onrnis
1455 5055 1540 5112 equus
1556 5041 1655 5096 anirual
1672 5050 1726 5109 est,
1740 5043 1793 5118 ιιι
1807 5057 1858 5098 au-

1063 5146 1118 5193 tem
1130 5146 1216 5193 statua
1229 5137 1317 5193 ιιιιιιι
1333 5151 1427 5190 aurum
1442 5144 1494 5190 ιιι.
1517 5133 1579 5191 ideo
1597 5134 1718 5206 quamvis
1733 5134 1759 5190 in
1771 5135 1861 5192 tribus

1063 5230 1158 5287 statuis
1173 5228 1272 5295 aureis,
1292 5237 1365 5285 reete
1379 5229 1498 5283 dieamus
1521 5235 1575 5281 tres
1596 5236 1697 5283 statuas
1713 5243 1795 5283 unum
1811 5244 1861 5284 au-

1063 5338 1137 5387 rum:
1153 5337 1209 5377 non
1220 5329 1309 5376 tamen
1329 5320 1364 5375 ita
1378 5318 1502 5386 dicimus,
1520 5325 1549 5372 ut
1562 5333 1647 5390 genus
1669 5333 1775 5384 aurum,
1796 5335 1861 5390 spe·

1063 5414 1188 5470 eiesrero
1196 5418 1297 5466 statuas
1307 5408 1493 5481 intelligamus.
1508 5406 1563 5462 Nee
1575 5408 1614 5462 sie
1626 5422 1690 5479 ergo
1700 5406 1861 5466 Trinitatem

1063 5506 1178 5564 dicimus
1198 5514 1255 5559 tres
1273 5515 1401 5572 personas
1417 5499 1458 5555 uel
1477 5498 1650 5568 substantias,
1664 5514 1745 5555 unam
1765 5514 1862 5573 esseu-

1065 5600 1128 5655 tiam
1146 5607 1174 5655 et
1196 5610 1278 5652 unum
1302 5594 1397 5660 ileum,
1413 5599 1538 5662 tarrqrram
1553 5605 1585 5645 ex
1602 5604 1653 5645 una
1675 5590 1787 5646 materia
1808 5592 1863 5649 tria

1065 5690 1187 5762 quiedam
1199 5688 1355 5756 subsistant,
1370 5683 1473 5741 etiamsi
1488 5680 1616 5753 quidquid
1631 5680 1696 5738 utut
1709 5691 1762 5749 est,
1775 5682 1807 5755 in
1816 5683 1863 5741 tis
