3938 6360
249 261 301 320 ld!
352 250 388 304 ⁸·

249 377 316 432 nire.
331 371 407 444 Quod
421 372 443 428 si
457 370 553 426 iactum
567 375 648 429 essct.
660 380 709 436 per
720 365 779 421 illas
791 378 858 435 quas
871 359 1035 419 commemo·

249 469 304 525 rari
321 464 524 538 praepositorum
539 467 567 517 ct
576 459 734 531 populorum
750 458 759 490 ¹
773 455 959 513 successiones
970 469 1037 507 eon-

250 556 426 614 drmatissima
440 552 596 610 atteteritate
611 548 800 605 clarescerent.
822 545 887 614 Quis
910 557 952 601 est
972 559 1037 613 ergo

250 661 304 705 tam
318 648 438 713 demens,
454 645 498 716 qui
514 643 593 699 bodie
605 641 698 698 credat
713 656 774 697 esso
786 639 926 711 epistolam
940 636 1038 692 Christi

248 758 328 814 qnam
350 739 490 812 protulerit
503 736 678 800 llaniclncus,
689 743 717 790 et
737 749 790 789 non
805 732 895 789 credat
914 729 982 786 irrcta
997 730 1038 784 rel

144 820 147 825 ¹
248 833 318 889 dicta
328 847 388 888 csse
399 828 496 885 Cirristi
506 844 566 901 qum
577 827 683 899 scripsit
696 825 855 881 blattbaeusi
864 831 910 878 ant
923 823 946 877 si
959 823 1039 876 etiarn

248 926 283 982 de
306 923 429 980 llatthrco
448 931 536 977 ntnrm
559 921 616 990 ipse
641 920 690 974 ista
709 916 846 988 scripserit
870 913 985 978 dubitat,
1006 911 1040 967 dc

249 1016 307 1086 ipso
321 1029 426 1085 qnoque
435 1011 559 1068 llattlrco
572 1027 624 1065 non
639 1010 726 1080 mitius
736 1009 761 1063 id
775 1006 876 1072 credat,
885 1006 956 1076 quod
967 1006 1041 1060 inre·

249 1107 288 1162 nit
316 1106 342 1160 in
361 1104 491 1169 Ecclesia,
507 1118 566 1174 qnae
586 1102 621 1158 ab
637 1101 719 1171 ipsius
742 1099 856 1154 llattbrci
877 1096 1040 1167 temporibus

249 1211 334 1268 usque
346 1196 381 1250 ad
395 1194 446 1250 boe
462 1203 565 1263 tempus
578 1201 649 1247 certa
663 1190 862 1247 successionum
872 1189 941 1244 serie
951 1185 1041 1241 decla-

184 1340 186 1348 ,
248 1298 336 1348 ratur:
352 1285 484 1341 ctcredat
500 1283 645 1340 nesciocui
664 1299 695 1338 cs
713 1292 864 1336 transverso
881 1281 913 1335 de
932 1276 1040 1334 Perside

250 1386 307 1447 post
322 1376 450 1432 ducentos
461 1375 502 1429 rel
518 1375 630 1445 amplius
640 1388 724 1427 annos
737 1372 864 1437 recucurri,
879 1379 905 1423 ct
917 1369 1038 1423 suadenti

249 1477 277 1522 ut
292 1467 328 1522 illi
342 1467 429 1551 potius
441 1465 503 1535 qnid
517 1465 638 1520 Christus
662 1461 758 1518 dixerit
781 1461 924 1530 feceritque
948 1458 1040 1513 creda·

249 1568 292 1614 tur
307 1576 314 1612 :
331 1559 462 1628 cumipse
485 1555 622 1627 apostulus
645 1553 743 1609 Paulus
770 1559 832 1622 post
855 1549 1039 1606 ascensionem

248 1648 353 1703 Deurini
368 1649 402 1703 dc
420 1647 488 1703 cmlo
500 1656 609 1700 recatus
628 1644 697 1713 (Art.
721 1642 770 1714 rr),
785 1643 806 1695 si
832 1657 884 1695 nun
909 1641 1039 1696 ior-orrirrn

248 1739 275 1794 io
298 1753 377 1794 carue
402 1735 554 1808 Apostolos,
575 1735 671 1807 quibus
696 1732 916 1795 communicando
936 1740 1037 1785 etcum

248 1828 345 1898 quibus
372 1825 535 1884 conferendo
559 1824 739 1892 Euangeliurn,
761 1822 879 1893 cjrrsderu
904 1821 1038 1877 societatis

247 1933 307 1975 csse
331 1894 488 1991 appare'ret,
503 1917 621 1973 Ecclesia
639 1915 675 1972 ilii
695 1916 804 1972 omnino
822 1931 874 1969 non
896 1913 1038 1970 crederet?

248 2011 301 2070 Sed
316 2027 375 2068 cnm
396 2010 565 2084 cognovisset
585 2025 645 2065 cunr
667 2008 719 2064 troc
740 2008 951 2071 annuntiantem,
967 2005 1037 2075 qnod

246 2105 327 2160 etiam
340 2102 378 2158 illi
390 2102 592 2164 nnrrnnriabant,
605 2109 631 2156 ct
644 2100 670 2154 in
684 2114 777 2155 eorum
795 2096 983 2152 communione
997 2104 1038 2151 at·

245 2209 297 2265 qne
316 2194 416 2250 ueritate
439 2195 583 2257 rirctrtem,
599 2188 788 2246 accedentibus
800 2188 879 2243 etiarn
906 2202 953 2257 per
974 2201 1035 2241 eum

245 2285 340 2342 talibus
354 2284 448 2357 signis,
467 2282 554 2354 qualia
575 2291 603 2338 et
625 2281 661 2337 illi
681 2279 877 2351 operabantur,
903 2277 948 2343 ita,
975 2292 1035 2332 enm

245 2376 357 2431 llomino
371 2373 583 2438 commendante,
596 2372 692 2428 meruit
703 2369 903 2432 anctoritatem,
915 2376 943 2421 nt
952 2367 1035 2421 rerba

244 2466 314 2521 illius
328 2464 407 2521 lrrrdie
419 2465 458 2520 sic
470 2463 611 2519 audiantur
623 2462 649 2517 in
664 2460 794 2525 Ecclesia,
809 2467 933 2530 tanquarn
947 2457 974 2511 in
989 2456 1035 2510 illo

243 2557 377 2621 cbristus,
388 2555 457 2609 sicut
471 2554 528 2623 ipsc
544 2553 683 2609 uerissime
700 2550 778 2614 dixit,
795 2550 898 2605 loeutus
913 2547 1035 2603 audiatur

243 2646 279 2718 (ll
293 2646 352 2703 Cor.
371 2662 434 2708 xm,
449 2647 488 2717 5).
506 2645 536 2700 Et
559 2651 633 2713 putat
649 2641 811 2697 llaniebacns
825 2639 898 2695 credi
918 2638 968 2693 sibi
986 2638 1034 2693 dc-

243 2739 306 2794 bere
319 2737 352 2793 ab
365 2735 483 2792 Ecclesia
498 2734 596 2789 Christi
609 2774 617 2799 ,
629 2733 746 2801 loquenti
761 2741 854 2786 contra
867 2730 1033 2800 Scriptums,

242 2835 417 2885 subtacitam
437 2824 558 2881 ordinata
576 2823 736 2878 auctoritate
750 2822 887 2877 lirrnatas:
902 2835 950 2892 per
967 2834 1033 2890 quas

241 2918 266 2974 ei
280 2918 414 2989 precipue
426 2913 642 2972 commendatum
653 2920 703 2979 cst,
713 2921 742 2968 nt
750 2911 870 2983 quisquis
881 2911 918 2966 illi
927 2926 1033 2965 annun·

242 3009 346 3065 tinuerit
359 3017 536 3080 preterquam
549 3004 620 3078 quod
633 3004 745 3075 accepit,
759 3003 900 3059 anatlrema
913 3001 948 3057 sit
958 3000 1029 3074 (dni.

243 3115 263 3167 r,
272 3099 299 3165 8,
314 3099 353 3170 9).

271 3233 280 3265 ¹
296 3230 479 3291 connubium,
492 3227 708 3295 proepmtornmct
722 3224 892 3289 rnrrrrnrrrrrr.

656 249 792 309 cosma
813 210 971 306 rsusrnu
991 246 1218 314 ururcnunu.
1237 248 1266 307 s.
1288 247 1473 308 nuuusrtnr

1838 255 1895 331 dds

1123 361 1237 419 CAPUT
1252 362 1283 418 ll.
1296 394 1332 404 -
1343 363 1395 419 sert
1410 365 1541 421 radonem
1552 407 1560 431 ,
1573 366 1679 441 iuquit,
1693 366 1823 441 wolffo,
1837 387 1893 444 qua

1091 451 1272 509 demonstrem
1295 454 1441 526 scripturis
1462 457 1518 512 illis
1539 473 1594 515 nou
1621 474 1683 516 esse
1707 460 1892 521 credendum.

1090 543 1170 600 Certe
1189 559 1242 599 non
1260 547 1475 616 argumentaris?
1489 545 1525 603 Et
1543 555 1633 605 tamma
1654 550 1682 605 in
1703 550 1763 621 ipsa
1783 567 1894 625 quoquc

1091 636 1320 706 argumentatione
1346 639 1492 709 superaris.
1522 638 1563 695 ud
1583 639 1634 696 boe
1657 643 1729 697 eninr
1756 643 1893 716 redigitur

1091 727 1179 782 omnis
1192 731 1387 797 argumentatio
1401 739 1455 795 trra,
1471 741 1499 787 ιιι
1510 730 1544 787 ad
1557 741 1707 789 eudemum
1719 733 1815 792 eredat
1828 740 1898 807 ant-2

1093 833 1146 881 nra,
1161 818 1221 873 ideo
1232 835 1262 874 se
1277 820 1302 874 iu
1317 820 1370 877 hoc
1388 821 1487 876 mundo
1500 836 1561 879 esse
1572 822 1710 888 miseram,
1722 825 1787 896 qnia
1804 815 1898 885 mise-¹

1093 911 1130 964 rin
1144 925 1191 965 sua
1208 911 1261 967 beo
1281 926 1330 966 suo
1344 913 1487 980 subvenit,
1504 929 1537 969 ne
1558 914 1605 970 ille
1619 916 1889 989 regnopriraretar:

1092 1002 1203 1072 eiusque
1217 1011 1337 1057 staturam
1353 1011 1434 1074 atque
1447 1003 1623 1061 substantiam
1638 1021 1722 1077 usque
1743 1006 1816 1063 adeo
1828 1023 1891 1065 esua

1094 1095 1263 1159 tractabilem,
1277 1096 1497 1167 corruptibilem,
1512 1097 1682 1166 rtotatrttern,
1701 1097 1891 1171 coinquinabi-

1093 1187 1155 1251 lem,
1171 1197 1201 1243 ut
1212 1203 1272 1258 pars
1283 1187 1341 1258 ejus
1353 1189 1473 1259 quaedam
1487 1204 1544 1257 ¹nce
1564 1189 1688 1246 mundari
1699 1191 1799 1255 valeat,
1813 1201 1842 1247 et
1854 1191 1890 1261 qb

1093 1279 1160 1349 ipso,
1176 1280 1221 1350 qui
1235 1295 1293 1334 eam
1307 1281 1393 1335 reiens
1412 1282 1581 1337 ituroccntem
1595 1281 1629 1337 de
1649 1282 1705 1338 suis
1726 1283 1888 1351 uisceribus,

1092 1370 1286 1441 nibilqueapnd
1294 1386 1323 1426 se
1333 1383 1497 1443 prccantum,
1509 1382 1588 1430 tantae
1595 1375 1815 1432 contaminationi
1828 1392 1889 1447 per·
1903 1364 1912 1383 “

1093 1462 1209 1530 miscuit,
1225 1474 1325 1519 {eterno
1335 1464 1407 1535 globi
1418 1466 1548 1537 supplicio
1563 1467 1697 1537 puniatur.
1710 1466 1765 1525 lste
1776 1469 1838 1525 sterit
1848 1478 1889 1527 est

1092 1555 1211 1609 omnium
1224 1557 1484 1626 argumentationum
1499 1557 1699 1629 tabularumque
1714 1568 1886 1618 uestrarum:

1092 1660 1203 1714 quarum
1215 1645 1314 1700 utinam
1328 1645 1363 1700 sit
1374 1646 1442 1712 tinis,
1456 1646 1503 1702 scd
1515 1648 1541 1703 in
1553 1648 1634 1703 corde
1648 1658 1676 1705 ct
1688 1649 1715 1703 in
1725 1665 1774 1707 ore
1786 1659 1887 1715 restro,

1091 1743 1120 1787 ut
1132 1733 1273 1804 aliqnando
1285 1745 1338 1789 tarn
1351 1736 1528 1792 exsecrandas
1542 1737 1721 1808 blasphemias
1732 1740 1888 1799 ercrlereae

1089 1822 1180 1879 dicere
1194 1823 1330 1879 desinatis.
1345 1824 1397 1882 Sed
1411 1842 1443 1882 cx
1465 1827 1538 1898 ipsis,
1554 1829 1656 1900 inquit,
1671 1828 1768 1885 litteris
1780 1832 1893 1903 probo,

1090 1930 1169 1985 quam
1189 1916 1229 1970 eis
1245 1932 1297 1971 nou
1311 1917 1408 1990 ubique
1428 1919 1590 1986 credendum
1610 1922 1663 1988 sit,
1676 1923 1804 1993 qunuiarn
1818 1920 1887 1981 eon'·

1090 2009 1169 2064 traria
1185 2010 1235 2064 sibi
1251 2009 1402 2081 loquuntur.
1415 2010 1470 2068 Cur
1484 2027 1537 2068 non
1553 2028 1618 2085 ergo
1630 2015 1697 2071 diris
1716 2016 1808 2086 potius
1820 2031 1888 2073 uus·

1089 2115 1168 2172 quarn
1190 2101 1230 2156 eis
1250 2114 1310 2156 esse
1331 2100 1504 2171 eredendum,
1526 2110 1649 2174 tanquam
1671 2104 1887 2163 inconstantibus

1088 2184 1201 2261 seseque
1225 2190 1440 2262 impugnantibus
1463 2193 1595 2249 testibus?
1616 2192 1669 2251 Sed
1693 2195 1764 2262 troo,
1779 2195 1882 2269 inquit,

1089 2283 1169 2353 eligo,
1181 2283 1251 2355 qnod
1265 2295 1473 2341 consentaneum
1485 2285 1563 2342 rideo
1576 2286 1689 2343 ueritati.
1700 2286 1748 2345 Cui
1760 2287 1886 2345 recitati!
1918 2285 1920 2289 ’

1088 2371 1196 2428 Fabulae
1210 2374 1385 2440 scilicetne,
1399 2375 1505 2435 babenti
1519 2376 1544 2431 in
1558 2377 1645 2447 capite
1657 2377 1759 2434 bellum
1773 2379 1822 2435 llei
1832 2420 1841 2443 ,
1850 2380 1885 2437 iu

1090 2464 1178 2520 medio
1200 2466 1453 2522 contaminationem
1474 2467 1539 2531 Dei,
1562 2468 1589 2525 in
1610 2468 1663 2525 due
1682 2467 1884 2528 damnationem

1089 2556 1146 2611 ilci.
1158 2556 1191 2611 Et
1204 2572 1344 2628 nusquam,
1360 2557 1455 2629 inquit,
1470 2558 1588 2614 ereditur
1600 2559 1697 2616 litteris
1711 2559 1823 2621 sibimet
1834 2560 1883 2617 ad·

1088 2648 1172 2703 rcrsis
1194 2658 1274 2719 atque
1298 2650 1448 2706 contrariis.
1472 2650 1524 2706 Sed
1550 2649 1611 2707 ideo
1632 2650 1678 2707 tibi
1699 2650 1752 2708 boe
1765 2638 1881 2719 ridetur,

1087 2739 1149 2808 quia
1165 2756 1218 2794 non
1243 2739 1387 2811 intelligis:
1401 2756 1460 2795 nam
1474 2751 1501 2797 et
1515 2740 1642 2813 quidquid
1657 2742 1792 2811 protulisti
1805 2743 1881 2816 quud

1088 2828 1141 2883 tale
1155 2829 1300 2896 rideretur,
1313 2829 1522 2886 demonstratum
1545 2841 1587 2886 cst
1606 2846 1686 2902 quarn
1710 2846 1763 2887 non
1779 2832 1883 2889 intelli·

1086 2933 1149 2990 gas3
1172 2928 1200 2975 et
1219 2919 1345 2991 quidquid
1362 2921 1521 2991 protuleris,
1544 2919 1783 2977 demonstrabitur.
1803 2921 1883 2979 unttrr

1086 3025 1150 3081 crgo
1170 3025 1249 3066 eausa
1262 3021 1303 3067 est
1315 3027 1396 3084 quare
1416 3011 1468 3067 illis
1487 3011 1594 3069 Litteris
1627 3021 1698 3068 ronta
1722 3014 1883 3072 anctoritate

1087 3100 1206 3172 praeditis
1220 3117 1273 3156 uon
1287 3101 1427 3158 credamus
1439 3119 1445 3157 :
1457 3113 1485 3157 ct
1503 3102 1582 3175 plane
1595 3102 1644 3157 ista
1670 3102 1786 3157 nraxtnrs
1799 3118 1882 3159 eausa

1091 3202 1133 3250 est
1148 3208 1197 3249 eur
1210 3208 1257 3249 eos
1269 3195 1313 3264 qui
1325 3194 1396 3251 alind
1410 3195 1567 3250 annuntiant
1580 3194 1794 3250 anathememus.
1903 3196 1908 3205 “

544 3448 785 3556 LIBER
828 3444 1255 3556 VIGESIMUS
1289 3446 1561 3556 NONUS.

274 3697 386 3798 dtrur
403 3737 542 3795 PRlllUll.
566 3767 601 3778 -
619 3716 741 3791 Etusrus
761 3733 828 3790 dixit
840 3752 846 3788 :
859 3735 929 3805 Ergo
943 3737 1031 3806 magia

240 3839 308 3899 curt,
321 3828 391 3902 qunrl
408 3830 480 3884 risus
493 3843 524 3883 ac
537 3840 631 3898 passus
644 3836 696 3890 est,
710 3824 732 3879 si
752 3835 830 3880 nutus
844 3841 896 3879 non
911 3834 962 3879 cst.
976 3824 1029 3880 Ea·

223 3923 351 3979 ademin
377 3931 403 3978 te
426 3920 542 3977 rleissim
573 3917 767 3989 argumentatio
794 3926 979 3986 retorquetur,
1001 3926 1030 3972 nt

225 4019 325 4090 vmagia
340 4026 368 4072 et
380 4015 443 4072 illud
467 4014 554 4079 luerit,
568 4011 639 4083 quod
653 4019 728 4066 utero
742 4017 880 4080 portatus,
895 4017 941 4062 aut
958 4009 1029 4081 qued

239 4109 329 4164 editus
340 4107 385 4176 sit,
399 4108 421 4163 si
433 4105 579 4162 seminatus
595 4118 647 4158 non
663 4102 721 4157 tuit.
734 4101 816 4157 Extra
831 4101 915 4172 legem
929 4110 1029 4155 natrrrse

236 4216 297 4258 csse
310 4209 414 4256 constat
428 4199 556 4269 uirginem
569 4195 715 4268 peperisse,
736 4193 871 4263 multoque
886 4192 971 4262 uragis
986 4191 1026 4246 in·

236 4303 343 4347 rentam
357 4292 437 4346 etiarn
462 4297 521 4361 post
544 4296 648 4359 partum
667 4284 807 4356 uirginem.
821 4282 909 4351 Quare
923 4296 987 4353 ergo
1001 4290 1028 4337 et

236 4384 287 4438 boc
300 4393 396 4453 prater
410 4391 530 4438 naturam
551 4394 603 4435 non
616 4378 657 4433 ris
670 4386 699 4432 ut
718 4374 878 4446 eontigerit,
895 4373 947 4442 peti
966 4385 1027 4426 eum

236 4473 356 4544 puniisse
368 4473 512 4539 rubentem,
526 4472 584 4527 sine
597 4478 671 4526 sorte
686 4466 848 4523 natis-itatis?
860 4464 921 4520 llibi
937 4463 1026 4529 crede;

234 4571 363 4633 quantum
377 4563 410 4617 ad
424 4579 481 4618 rem
494 4563 598 4629 attinet,
613 4562 719 4631 utrique
739 4561 764 4614 ia
783 4558 835 4614 boc
850 4568 951 4612 naturae
963 4571 1027 4611 cou-

238 4653 317 4708 trarla
333 4655 488 4723 prniitemnr
501 4672 508 4707 :
520 4655 566 4709 sed
582 4654 632 4709 buc
652 4655 779 4715 interest,
794 4650 864 4720 qnod
880 4665 928 4703 nos
941 4647 1026 4703 bonc-

233 4752 285 4808 stc,
298 4757 346 4799 ros
357 4743 467 4813 turpiter
480 4761 486 4797 ι
500 4759 548 4798 nos
559 4744 689 4813 passionis
699 4743 757 4813 ejus
770 4743 900 4797 rationem
911 4738 1025 4809 aliquam

233 4834 370 4891 reddimus
393 4844 420 4891 et
436 4833 620 4905 probabilerrr;
636 4849 683 4888 ros
699 4834 842 4888 rratiritrtis
860 4840 907 4887 ant
924 4830 1025 4886 nullam

234 4925 376 4996 prestitis,
392 4934 438 4980 ant
452 4924 546 4979 tatum
560 4924 692 4994 :deniqne
706 4938 754 4978 nos
768 4924 858 4994 speeie
872 4932 950 4978 tenus
963 4935 1024 4991 pas-

1083 3751 1097 3788 a
1112 3736 1210 3790 nostris
1224 3735 1232 3767 ¹
1248 3743 1296 3799 cst,
1310 3733 1401 3805 ringeli
1414 3742 1441 3789 ct
1454 3733 1502 3789 risi
1519 3733 1670 3791 bominibus
1681 3744 1708 3792 ct
1724 3736 1805 3794 locuti
1816 3752 1877 3795 essu

1083 3836 1274 3881 ntuttstrenttrr.

1117 3917 1230 3974 caret
1246 3915 1278 3970 tt.
1289 3948 1324 3957 —
1334 3918 1501 3974 Ancnsrrsns
1511 3919 1649 3989 respondit
1660 3938 1668 3976 :
1678 3919 1737 3977 Nou
1749 3923 1876 3981 rolrisdi·

1081 4010 1150 4065 citur
1164 4010 1248 4081 aragia
1263 4004 1337 4076 c'ssc,
1354 4018 1382 4064 nt
1392 4011 1437 4080 qni
1460 4018 1538 4066 natus
1550 4026 1602 4066 nou
1616 4010 1711 4079 tuerit,
1727 4015 1873 4083 marlotum

1081 4116 1141 4156 nam
1158 4101 1209 4157 boe
1224 4101 1250 4156 in
1265 4101 1348 4155 ddanr
1362 4100 1460 4157 bretum
1472 4117 1531 4158 esse
1542 4102 1597 4172 jann
1611 4119 1691 4174 snpra
1703 4120 1872 4163 courmemu·

1080 4194 1197 4250 ravimus
1211 4192 1275 4248 :sed
1290 4202 1317 4247 et
1329 4192 1351 4247 si
1367 4209 1499 4272 rnrnquam
1513 4192 1610 4250 lactum
1625 4194 1728 4264 luisset,
1741 4207 1770 4254 et
1785 4199 1875 4256 liutul-

1081 4297 1131 4338 nus
1144 4282 1266 4339 ctrrtrrns
1281 4283 1316 4338 ita
1333 4284 1425 4338 renirc
1438 4283 1582 4349 uoluisset,
1597 4293 1626 4339 ut
1640 4301 1693 4341 non
1714 4303 1746 4343 ux
1770 4288 1873 4363 uirgine

1080 4384 1234 4445 assumpta,
1248 4374 1296 4430 sed
1320 4375 1448 4430 tamenin
1470 4391 1532 4431 scra
1553 4392 1805 4450 circumeamus,
1823 4397 1872 4438 mu

1080 4481 1141 4521 rera
1155 4476 1240 4521 nrorte
1254 4465 1409 4531 redimeret,
1426 4466 1486 4537 quis
1507 4482 1567 4521 cum
1581 4483 1635 4524 nou
1650 4472 1770 4539 potuisse
1783 4471 1871 4529 drocru

1079 4556 1208 4612 ander-cti
1225 4555 1277 4612 Sed
1289 4555 1353 4611 iliud
1365 4555 1461 4611 melius
1474 4566 1532 4612 erat
1543 4559 1614 4629 quod
1628 4558 1829 4628 toetcutettarn
1838 4562 1872 4620 do

1078 4649 1181 4719 virgine
1194 4657 1360 4714 nasceretur,
1374 4656 1402 4703 ct
1416 4658 1557 4721 utrumqne
1580 4633 1687 4719 sexum,
1703 4669 1752 4725 pro
1772 4671 1825 4728 quo
1837 4654 1873 4713 il-

1078 4739 1197 4796 berando
1210 4740 1354 4795 moriturus
1368 4750 1445 4804 erat,
1467 4741 1621 4813 dignaretur
1634 4746 1714 4801 etiarn
1734 4761 1870 4807 commen·

1077 4832 1141 4889 dare
1164 4833 1318 4895 nascendo,
1344 4835 1491 4890 masculino
1512 4851 1564 4892 suo
1584 4852 1698 4910 corpore
1718 4855 1752 4897 ex
1772 4841 1870 4900 lomina

1078 4933 1218 4994 procreato
1230 4942 1236 4978 :
1248 4934 1341 4980 contra
1363 4939 1411 4980 ros
1434 4927 1506 4996 ipsos
1520 4928 1634 4984 maxiruc
1656 4929 1727 4987 lacto
1751 4931 1811 5004 ipso
1829 4934 1870 4988 lo·

233 5031 292 5070 sum
314 5018 483 5080 enniitemur,
507 5029 556 5072 nec
571 5030 634 5071 rere
654 5025 804 5079 mortrnrnr;
821 5028 869 5068 ros
889 5021 1025 5083 procerte
1076 5031 1171 5088 quens,
1182 5033 1282 5088 rosque
1296 5016 1463 5082 subvertens,
1476 5018 1521 5090 qni
1531 5021 1677 5077 masculum
1691 5029 1719 5079 et
1731 5021 1858 5081 leminarn
1935 5044 1938 5053 ¹

232 5108 401 5182 puerperium
426 5107 508 5164 luisse
521 5107 649 5173 creditis,
668 5115 696 5161 et
709 5116 785 5162 utero
800 5105 922 5161 rnnliebri
937 5112 1025 5174 porm-
1077 5123 1130 5164 non
1144 5108 1208 5174 Dei,
1222 5109 1269 5163 sed
1290 5109 1388 5164 diaboli
1402 5125 1470 5181 opus
1488 5125 1549 5167 esse
1562 5111 1721 5182 praedicatis.
1737 5114 1792 5173 Seri
1805 5116 1867 5173 iibri

233 5206 299 5254 tum.
315 5199 368 5254 dut
382 5197 405 5255 si
429 5200 464 5256 ita
477 5214 530 5254 non
544 5207 585 5254 est
597 5239 605 5256 .
619 5197 754 5254 lateantini
768 5205 797 5252 et
818 5211 866 5251 ros
885 5197 946 5266 qnia
971 5196 1023 5250 boc
1075 5200 1200 5272 estquod
1215 5200 1309 5270 uragire
1328 5201 1417 5256 simile
1430 5201 1548 5257 dicimini
1567 5218 1703 5269 asserere,
1717 5207 1789 5275 quod
1810 5221 1872 5278 pers.

231 5288 311 5345 ctiam
334 5288 489 5362 imaginarie
509 5291 545 5346 sit
562 5290 674 5353 inetrnu,
689 5299 717 5344 ιιι
738 5289 873 5344 rideretur
886 5294 982 5351 natus,
996 5296 1024 5342 et
1075 5293 1178 5348 sionem
1198 5300 1365 5362 arentemque
1384 5293 1443 5363 ejus
1455 5294 1544 5364 specie
1559 5302 1636 5350 tentu
1650 5293 1763 5364 iactam,
1778 5305 1807 5355 er
1820 5297 1869 5353 iat.

231 5380 318 5438 ⁰¹¹¹¹¹l⁸
332 5380 409 5437 ¹¹⁰bl⁸
421 5381 472 5437 0¹3⁸
491 5379 627 5452 lll⁰fl³ss³¹³
640 5379 784 5435 ⁰⁰¹¹l⁰¹¹ll0·
806 5377 872 5434 Nam
886 5375 949 5431 illud
963 5376 1023 5447 dul·
1054 5458 1056 5463 .
1076 5385 1168 5441 inciter
1181 5384 1269 5440 dicitis
1280 5384 1476 5450 adumbratam,
1489 5397 1519 5443 ut
1533 5364 1748 5448 morinldcretur
1757 5393 1804 5462 qui
1815 5409 1868 5450 not

229 5468 300 5538 dem,
312 5471 382 5546 qnod
393 5487 464 5546 supe
473 5469 608 5527 aidrnrare
618 5470 720 5536 soletis,
729 5469 881 5527 necessario
891 5483 952 5524 eum
963 5482 1023 5524 csse
1076 5476 1248 5533 morictntnr.
1263 5476 1301 5531 En
1314 5491 1367 5547 qun
1376 5477 1405 5533 bt
1417 5487 1446 5533 ut
1455 5479 1514 5550 ejus
1523 5493 1630 5553 quoque
1644 5482 1867 5543 resurrectionen

229 5573 332 5632 natum,
346 5570 407 5634 quta
421 5563 487 5621 alias
498 5561 649 5619 bominibus
660 5561 742 5618 videri
755 5570 802 5617 aut
811 5561 882 5632 loqui
896 5573 949 5614 non
961 5574 1023 5630 pos·

229 5660 281 5719 set,
296 5654 438 5711 ridiculum
452 5662 511 5719 est;
526 5668 587 5707 curn
607 5652 757 5719 multoties,
774 5652 865 5722 ntjam
879 5649 1021 5722 probatum
1106 5657 1114 5688 ¹
1133 5654 1207 5706 editio
1218 5660 1264 5710 rr..
1274 5667 1290 5706 ιι
1301 5655 1393 5708 untur.
