3938 6360
169 222 206 282 la
778 161 786 170 ·
887 208 1081 267 elimatus.
1296 258 1298 263 .
1773 217 1805 278 u

171 333 213 398 ad
227 347 349 397 usuum
363 327 501 393 Gallieni
514 341 637 389 annum
652 320 800 404 (Epiph,
811 323 866 384 lili.
885 322 922 383 de
932 322 1034 385 Ponti.
1046 331 1074 382 et
1087 322 1217 398 Alcas),
1234 323 1290 401 qui
1304 332 1377 387 eum
1391 341 1479 390 anno
1494 328 1610 393 Christi
1633 330 1692 406 26³
1707 333 1792 396 coin·
1906 405 1909 408 ‚

173 413 259 477 eidil.
287 408 445 477 Eusebius
460 405 587 469 veroad
604 410 729 480 tempus
744 401 859 463 Felicis
874 418 966 480 papie
977 408 1009 462 et
1021 400 1209 463 Diocletiani
1228 401 1430 480 imperatoris
1453 407 1595 486 (Enseu.
1613 407 1669 473 lib.
1680 411 1716 485 -l,
1730 429 1788 491 cop

174 489 277 552 30-32
290 487 313 569 ),
329 486 385 566 qni
401 489 508 548 taurea
523 483 563 545 ad
578 483 621 544 im
646 482 749 544 crium
766 497 831 540 non
856 481 1014 557 pervenit,
1039 480 1102 541 nisi
1127 477 1192 542 lere
1218 485 1290 558 post
1302 480 1495 556 decennium
1520 493 1657 550 aniorte
1684 488 1801 553 Felicis

169 585 274 649 papa,
291 582 365 645 quse
379 563 514 643 conligit
527 577 616 624 anuo
668 559 699 619 5.
722 559 787 619 lieo
801 558 938 638 Magnus
953 556 1082 637 lougius
1093 556 1237 619 eamdem
1248 558 1405 639 originem
1420 564 1609 640 submovet,
1626 565 1803 630 adalanum

170 642 458 710 scilicetaCbristi
470 639 708 703 resurrectione
724 637 795 706 heu,
810 638 914 698 Probo
930 636 1122 715 imperatore
1136 640 1169 696 ct
1183 635 1319 698 Paulino
1340 642 1474 702 consule
1501 641 1588 722 (Leo,
1611 663 1703 706 serm.
1725 646 1747 706 2
1768 647 1805 708 de

171 722 325 804 dentem).
340 722 421 785 Acta
436 717 626 782 Collationis
651 733 724 779 cuni
738 714 842 776 Felice
855 714 1044 785 manichaeo,
1059 714 1115 793 qui
1138 713 1320 777 Catholicos
1344 716 1536 783 seducturus
1548 740 1622 784 cum
1638 726 1800 798 venisset,

171 823 232 884 per
252 799 470 881 Augustiuum
485 795 619 860 feliciter
638 796 679 856 ud
700 792 852 856 Ecclesiie
866 792 1124 855 communionem
1146 792 1294 855 reductus
1310 796 1377 867 est,
1394 813 1479 862 nova
1495 800 1660 866 catholice
1675 803 1803 865 verita-

172 882 212 947 lis
225 887 347 960 lropeea
360 895 421 956 sup
444 876 585 945 editant,
600 874 712 935 eodem
727 872 908 951 Augustino
924 872 1005 935 duce
1018 874 1194 950 reportata.
1208 871 1305 933 Liber
1318 871 1356 933 de
1369 873 1493 940 Natura
1510 879 1589 941 boni
1602 883 1802 946 exsecranda

126 1032 129 1037 ,
197 957 387 1023 uorumdam
415 895 502 1016 iflius
530 957 624 1016 sectae
650 951 860 1042 hominumn
875 967 940 1010 non
966 955 1090 1012 tantuin
1112 949 1146 1009 in
1160 949 1391 1030 Paphlagonia,
1419 954 1587 1019 sedetiam
1610 959 1643 1021 iu
1668 960 1803 1022 Gallia»

173 980 358 1120 degentiun
374 1034 462 1116 (cop.
489 1032 555 1111 lii),
569 1030 714 1093 facinora
736 1029 873 1108 detegil;
890 1028 1052 1107 habetque
1080 1045 1138 1107 pro
1151 1035 1342 1108 argumento
1356 1034 1393 1091 ul
1411 1034 1570 1108 ostendat,
1587 1043 1738 1100 naturam
1756 1040 1805 1100 iii·-

173 1114 435 1180 commutahilem
448 1113 550 1175 Deum
564 1127 636 1171 esse
650 1125 689 1170 ac
707 1125 869 1170 summum
889 1109 1021 1180 bouum,
1036 1111 1069 1170 at
1094 1124 1134 1168 ue
1148 1109 1190 1169 ah
1208 1106 1263 1167 illo
1282 1124 1353 1170 csse
1368 1115 1500 1172 ceteras
1516 1117 1664 1188 naturas,
1681 1133 1735 1178 eas
1762 1135 1802 1179 us

175 1198 209 1259 iii
222 1201 383 1274 quantum
398 1198 523 1254 natura
535 1192 613 1281 sunt
631 1190 754 1257 bonase
772 1191 841 1247 tuin
855 1184 934 1276 quid
956 1185 1006 1247 iel
1022 1124 1164 1277 undeusit
1188 1184 1328 1258 malum,
1352 1191 1382 1248 et
1399 1194 1522 1266 quauta
1537 1192 1622 1253 mala
1637 1135 1806 1257 manichei

218 1277 298 1337 naut
311 1274 346 1335 iu
369 1273 488 1332 natura
509 1269 598 1338 boni,
613 1269 737 1344 quauta
752 1265 837 1327 bona
855 1282 889 1325 iii
910 1269 1027 1327 natura
1042 1264 1136 1335 mali,
1161 1280 1243 1342 quas
1261 1269 1395 1328 naturas
1414 1265 1514 1330 linxit
1536 1287 1629 1331 error
1644 1272 1801 1350 ipsorum.

202 1353 254 1416 eui
280 1370 322 1413 uo
331 1354 512 1429 postremus
521 1341 601 1407 liber
611 1349 724 1406 contra
737 1341 965 1433 Secundinum,
978 1341 1129 1434 dogmata
1140 1342 1422 1435 perniciosissime
1432 1344 1564 1409 heresis
1573 1349 1700 1441 penitus
1710 1367 1806 1413 ever-

170 1432 224 1503 tit,
239 1371 386 1506 adeoque
398 1442 458 1518 suit
473 1423 597 1487 auctori
623 1419 770 1501 placuit,
795 1426 832 1482 ut
846 1438 916 1500 epis
941 1423 1118 1488 scatentia.
1142 1422 1293 1484 omnibus
1307 1439 1380 1500 quie
1400 1420 1555 1489 adversus
1572 1428 1660 1491 illam
1683 1435 1805 1508 pestem

86 1646 89 1651 .
176 1504 406 1648 scssgsssssknile
405 1505 783 1657 ⁹:1¹:1³1fiirdeulij‘'gxeerriptllilirrum
809 1576 962 1658 digniuate
987 1576 1014 1638 si
1030 1576 1270 1669 quisjudicium
1294 1560 1481 1656 lorre'v'elit,
1497 1566 1536 1646 ea
1561 1583 1706 1646 conferat
1727 1604 1801 1647 cuni

175 1665 249 1727 aliis
264 1664 404 1726 alioruin
420 1663 592 1721 auctorum
614 1657 652 1716 de
680 1656 791 1717 eodem
805 1660 997 1735 argumento
1022 1656 1313 1730 lucubrationibus,
1328 1659 1443 1734 quales
1463 1665 1540 1723 sunl
1566 1662 1651 1723 iuter
1674 1664 1801 1725 Grecos

173 1741 506 1821 Serapiunl'hmucos
521 1736 559 1799 AE
583 1734 649 1828 ypti
671 1734 762 1796 urhis
788 1752 806 1796 e
830 1735 897 1797 isco
921 1753 998 1806 ηιμ
1015 1734 1070 1812 qui
1086 1735 1127 1795 oh
1141 1733 1334 1813 elegantiam
1353 1736 1474 1816 ingenii
1502 1756 1683 1820 cognomen
1707 1742 1806 1802 Scho-
1858 1797 1865 1809 ,

175 1822 278 1885 lastioi
310 1821 440 1890 meruit,
461 1815 538 1877 »ait
553 1754 770 1892 ldierunymus
787 1753 869 1893 (fit.
891 1753 928 1874 Σο
949 1811 1167 1905 Scriptori'bns
1188 1813 1436 1904 ecclesiasticis);
1452 1820 1483 1878 et
1493 1816 1650 1898 Didymus
1665 1821 1806 1882 Alexan·

174 1899 406 1974 drinus„Titus
421 1895 592 1973 episcopus
605 1893 792 1961 Bostrenus,
815 1896 849 1953 et
859 1891 1031 1954 Zacharias
1046 1907 1215 1969 episcopus
1231 1891 1473 1971 Mytilenensis3
1498 1895 1582 1958 inter
1604 1898 1735 1960 Latinos
1750 1900 1805 1960 l'i-

174 1980 319 2071 ctofinus
334 1975 409 2067 Ater
424 1991 488 2066 aar
496 1972 620 2111 fluibus
634 1969 718 2032 hica
732 1968 901 2062 Sir-mondo
914 1970 1017 2032 editus
1031 1968 1113 2031 inter
1128 1969 1284 2048 opuscula
1299 1970 1478 2050 dogmatica
1496 1981 1638 2036 veterum
1659 1977 1805 2055 quinquo

175 2047 1037 2219 sctludtglrildndi’iildli'lilujuzndglrdpttznq‘uzdfifflnelifiumuus
1053 2123 1152 2218 codex
1168 2127 1225 2204 qui
1254 2127 1324 2217 sive
1340 2144 1441 2201 casu,
1463 2147 1521 2191 seu
1547 2131 1652 2194 dedita
1678 2150 1803 2211 opera,
1862 2192 1866 2197 .

176 2215 210 2274 iu
227 2214 335 2290 platea
362 2208 524 2270 maritima
537 2205 785 2286 Carthaginensi
804 2205 928 2266 venalis
953 2211 1120 2283 expositus
1136 2211 1216 2279 erat,
1232 2205 1399 2283 cuiusdam
1415 2208 1555 2270 heretici
1578 2211 1730 2291 anonymi
1757 2212 1805 2272 ti-

178 2293 275 2351 brum
288 2289 468 2357 contineris,
483 2285 650 2347 materiam
675 2284 811 2363 praebuit
826 2283 951 2347 duobus
978 2283 1068 2344 libris
1096 2288 1209 2345 eontra
1223 2283 1450 2346 adversarium
1459 2287 1552 2366 Legis
1570 2295 1601 2350 ct
1622 2289 1805 2367 Propheta-

179 2385 273 2438 rumc
291 2367 325 2427 iii
338 2381 404 2443 que
415 2363 625 2426 Cassiodorus
646 2367 777 2424 senator
788 2362 899 2447 scribit
915 2362 1016 2424 multa
1036 2362 1074 2421 de
1091 2362 1184 2439 Legis
1199 2360 1314 2423 divium
1338 2364 1570 2440 questionibus
1597 2367 1742 2428 enudari.

219 2446 352 2506 Librum
368 2446 480 2505 contra
490 2441 747 2505 Priscillianistas
766 2445 797 2502 et
809 2440 1009 2520 Origenistas
1022 2440 1138 2501 Oresio
1152 2443 1319 2518 acceptum
1337 2441 1457 2504 reierre
1470 2443 1634 2506 debemus.
1658 2446 1804 2525 inhujus

176 2522 415 2584 consultatione
426 2520 509 2583 libro
524 2520 656 2601 praelixa
670 2519 854 2611 ambiguam
869 2519 1041 2598 quamdam
1055 2518 1093 2579 de
1117 2535 1203 2579 auno
1218 2517 1383 2581 recondito
1398 2521 1593 2597 lectionem,
1610 2540 1683 2660 ilum
1707 2543 1805 2604 nego·

176 2602 257 2662 tium
281 2599 462 2679 legentibus
490 2598 689 2670 lacessebat,
718 2616 816 2660 unius
846 2597 964 2660 codicis
992 2614 1053 2676 ope
1079 2596 1290 2658 restituimus.
1307 2597 1387 2658 Nam
1413 2616 1486 2660 cum
1507 2607 1605 2666 antea
1629 2610 1804 2681 egeratur,

177 2703 192 2736 ii
209 2681 310 2741 Terra
334 2678 389 2738 illa
393 2719 453 2737 .....
469 2675 496 2739 si
510 2677 655 2739 eamdem
667 2693 756 2738 anno
769 2677 826 2738 illo
839 2675 1003 2738 recondito
1020 2673 1104 2753 apud
1121 2679 1151 2736 te
1165 2674 1367 2748 mandandu;
1388 2699 1402 2732 i
1426 2677 1471 2739 ita
1491 2679 1644 2757 scriptum
1668 2682 1807 2743 liabetur

175 2758 210 2818 in
227 2756 325 2819 veteri
337 2756 536 2834 exemplari,
564 2779 578 2813 ii
593 2757 620 2817 si
636 2771 709 2817 eam
724 2754 764 2816 de
779 2772 898 2817 manna
912 2755 970 2815 illo
983 2753 1147 2816 recondito
1163 2754 1198 2814 tu
1213 2752 1296 2831 apud
1319 2771 1369 2815 me
1394 2756 1576 2818 mundando
1599 2763 1630 2819 et
1648 2760 1803 2838 replendo

176 2836 371 2898 visitaveris.
402 2856 417 2890 ii
436 2834 525 2908 Qum
539 2836 640 2897 verba
654 2835 696 2894 ab
714 2833 831 2895 Oresio
857 2833 1041 2913 diriguntur
1055 2831 1095 2893 ad
1109 2833 1335 2910 augustinum,
1351 2830 1389 2894 dc
1402 2851 1468 2911 quo
1483 2835 1515 2895 iu
1531 2839 1804 2914 consequentibus

158 2940 160 2944 ’
175 2914 241 2986 ait,
257 2931 293 2976 so
305 2918 336 2974 et
349 2912 507 2989 plurimus
518 2930 627 2975 secum
642 2955 651 2985 ‚
668 2916 704 2972 ut
717 2912 888 3004 Augustini
904 2935 918 2968 c
933 2912 1100 2989 eloquium
1112 2912 1199 2970 velut
1211 2927 1265 2971 ros
1276 2927 1375 2988 super
1387 2927 1443 2974 eos
1462 2912 1634 2976 descendat
1649 2939 1664 2971 n
1680 2933 1805 2993 exspe-

175 2996 275 3055 ctare.
292 2991 337 3053 Ad
352 2991 421 3053 brec
432 2996 541 3053 autem
554 2991 661 3071 elogia
678 2991 853 3070 ingenitam
868 2990 928 3051 sibi
942 2989 1128 3055 modestiam
1146 2988 1262 3066 obiecit
1275 2990 1323 3049 Au
1347 2990 1494 3062 ustinus,
1510 3009 1583 3054 cuin
1605 2993 1644 3054 de
1656 2996 1803 3056 obscuris

159 3066 1325 3227 ”illibata‘illititullianisallilia„illiniti.
1339 3085 1433 3206 lla
1454 3069 1803 3225 tlt‘atllsnlll

1040 3192 1043 3199 '
1318 3190 1325 3204 ·
1434 3189 1442 3218 9

176 3245 275 3306 quem
301 3243 453 3304 magnum
483 3192 577 3304 pul’as
595 3225 855 3298 essedariorum,
872 3239 1021 3304 quanam
1036 3225 1098 3286 ista
1112 3224 1188 3296 sint,
1204 3224 1325 3302 etquid
1341 3223 1425 3286 inter
1437 3243 1472 3287 se
1486 3225 1645 3300 dilieraut,
1662 3194 1802 3290 nescios’

178 3305 262 3387 (lib.
279 3314 391 3366 coalru
402 3303 561 3372 Priscill„
578 3323 647 3384 cop.
664 3305 727 3382 ll).
1823 3347 1824 3350 ,

216 3384 362 3461 Denique
374 3389 534 3461 postrema
545 3383 679 3461 hujusce
693 3381 769 3443 tomi
779 3380 937 3459 opuscula
951 3379 1104 3442 adversus
1114 3380 1250 3440 Arianos
1264 3384 1396 3442 exarata
1409 3386 1496 3441 sunt.
1511 3382 1552 3444 lit
1561 3382 1689 3459 quidem
1701 3384 1806 3463 primo

176 3461 249 3525 luco
263 3463 345 3522 liber
358 3465 472 3521 contra
485 3460 673 3521 Sermonem
685 3460 893 3530 Arianoriim,
907 3461 963 3536 qui
1003 3459 1090 3519 lures
1103 3474 1201 3535 quani
1217 3458 1345 3535 triginta
1366 3476 1514 3520 errorum
1527 3462 1679 3523 articulos
1697 3463 1807 3523 ebuti-

177 3541 286 3610 uebat,
302 3540 341 3600 dc
355 3539 453 3600 verbu
464 3537 648 3599 summatim
664 3537 834 3598 refutatur.
849 3537 930 3596 Turn
943 3476 1152 3614 subsequitur
1164 3536 1300 3596 Collatia
1311 3538 1372 3598 sub
1385 3537 1480 3608 linem
1496 3541 1567 3602 vila
1583 3546 1725 3604 asancto
1739 3541 1808 3602 llo·

176 3625 265 3681 etore
279 3618 390 3677 habita
404 3633 477 3676 cuni
499 3615 678 3675 Maximino
699 3615 863 3693 episcopo,
887 3631 960 3693 qum
973 3630 1039 3675 non
1063 3613 1171 3674 minus
1193 3613 1344 3677 Ecclesia
1357 3613 1529 3679 Catholicae
1542 3618 1684 3696 gloriosa
1708 3625 1808 3711 atque

177 3697 299 3760 ariane
314 3693 427 3756 haeresi
442 3693 586 3755 exitiosa
602 3691 681 3766 luit,
696 3708 794 3831 {uam
809 3692 873 3754 alia
887 3710 952 3753 nou
965 3692 1076 3771 paucis
1090 3697 1165 3753 ante
1181 3693 1275 3753 anuis
1296 3710 1368 3753 cuin
1388 3695 1555 3756 Pasceutio
1568 3697 1693 3767 ¹comite
1715 3698 1806 3758 inita.

177 3776 269 3838 Hauc
282 3774 410 3834 domuin
427 3789 499 3832 euin
509 3771 686 3833 Maximino
726 3771 912 3832 ollalionem
927 3771 1089 3833 subsecuti
1103 3775 1179 3830 sunt
1193 3769 1266 3830 libri
1282 3776 1395 3847 contra
1411 3769 1559 3834 eumdem
1577 3774 1726 3836 arianum
1741 3777 1809 3854 epi·

178 3850 405 3992 {copamoduiln
418 3849 532 3942 inerito
541 3849 676 3986 ¹‹Ipuiddcirli
686 3850 995 3988 jurelabdAgatlronc
1010 3865 1094 3927 papa
1108 3849 1140 3909 iu
1151 3857 1243 3910 sexto
1256 3847 1400 3911 Concilio
1410 3851 1552 3929 generali
1568 3870 1641 3914 cum
1650 3863 1807 3932 preston·
1844 3918 1847 3923 ,
1863 3880 1866 3887 ·

194 3948 290 3994 usiani
339 3949 374 3989 oc
391 3945 454 3989 oris
469 3945 538 3988 com
573 3945 611 3988 en
634 3945 742 3989 aione
770 3945 812 3990 au
834 3945 890 3989 ai.

219 4010 276 4070 llis
302 4005 477 4069 succedunt
499 4004 572 4067 libri
587 4005 625 4066 de
639 4006 815 4079 Trinitate,
832 4023 926 4084 quos,
938 4022 1012 4066 cuin
1032 4004 1065 4065 in
1081 4011 1168 4067 tomo
1183 4007 1278 4067 tertio
1303 4007 1442 4086 antehac
1456 4008 1563 4070 locum
1583 4011 1758 4082 tenuerint,
1774 4011 1809 4074 in

180 4088 267 4150 bunc
280 4087 386 4147 locum
400 4085 547 4146 consulto
561 4083 743 4162 rejecimus,
760 4087 802 4145 ob
818 4100 969 4163 maguam
980 4102 1053 4147 cuin
1062 4085 1219 4162 praedietis
1232 4087 1397 4164 opusculis
1408 4086 1596 4149 affinitatem
1612 4107 1620 4148 ι
1634 4092 1807 4186 propterca

178 4166 266 4244 quod
280 4166 312 4226 in
326 4164 374 4225 liis
391 4163 430 4224 de
444 4163 599 4225 l'rinitale
612 4163 702 4224 libris
722 4164 917 4224 Asianorum
940 4162 1061 4240 passim
1083 4170 1273 4243 argumenta
1292 4165 1494 4226 relellunlur.
1510 4164 1666 4227 ceterum
1683 4167 1809 4228 Erasini

180 4247 219 4305 de
232 4245 294 4305 lioc
306 4243 436 4322 egregio
458 4258 554 4320 opere
569 4257 706 4304 censura
719 4242 796 4303 satis
810 4241 938 4321 arguit,
954 4259 1027 4302 eum
1043 4241 1173 4303 nonnisi
1196 4243 1309 4318 leviter
1326 4244 1357 4303 iii
1373 4243 1559 4303 eorumdem
1580 4243 1737 4305 librorum
1757 4245 1810 4305 le-

181 4323 287 4384 ctione
303 4320 401 4382 luisse
416 4326 589 4381 versatum.
605 4320 896 4383 Nonimmurainur
910 4319 1111 4381 confutandis
1124 4318 1262 4381 hominis
1278 4320 1430 4398 praecipiti
1447 4321 1624 4393 sententia,
1640 4323 1702 4384 rati
1719 4322 1810 4384 suili-

174 4419 256 4463 ccre
268 4399 400 4462 antidoti
416 4399 488 4460 loco
505 4398 687 4460 Cassioduri
701 4398 858 4477 judicium
875 4442 884 4471 ,
900 4397 1006 4476 quide
1022 4397 1070 4457 liis
1086 4397 1175 4459 libris
1198 4398 1241 4459 ita
1256 4400 1381 4459 censuit
1402 4399 1435 4459 iu
1449 4398 1805 4476 librolnstitutionum,

180 4497 253 4558 cap.
274 4478 336 4540 16:
355 4502 369 4535 ii
389 4478 420 4537 S.
444 4477 615 4555 Augustini
635 4477 820 4554 quindecim
837 4478 930 4545 libri,
955 4493 1037 4556 quos
1052 4476 1090 4537 du
1104 4479 1217 4540 sancta
1238 4476 1395 4538 Triiiitate
1422 4477 1561 4540 mirabili
1587 4479 1805 4556 profunditate

146 4560 150 4567 '
181 4557 382 4636 conseripsit,
396 4555 524 4618 curiosa
538 4554 626 4615 vobis
642 4554 819 4616 intentione
830 4554 1001 4634 meditandi
1013 4561 1098 4615 sunl.
1117 4577 1131 4609 ii
1148 4556 1197 4615 Au
1221 4555 1346 4615 ustinus
1358 4555 1489 4633 quidem
1504 4557 1662 4632 modeste,
1679 4577 1808 4636 prosuo

181 4654 282 4708 ruore,
297 4637 336 4699 dc
349 4635 410 4697 hoc
421 4651 517 4713 operc
532 4633 687 4711 loquitur,
698 4634 808 4712 aitque
821 4633 1041 4711 idargumenti
1051 4649 1069 4692 a
1080 4650 1115 4693 se
1127 4573 1275 4694 nonime
1288 4635 1499 4707 tractandum,
1513 4637 1540 4696 si
1555 4655 1734 4716 griseorum
1748 4641 1808 4703 Pa·

182 4721 268 4776 trum
280 4730 379 4793 opera
392 4714 452 4774 hac
464 4712 502 4774 do
527 4729 562 4772 re
575 4712 755 4788 conscripta
772 4713 805 4772 iii
825 4710 1137 4788 latinumeloquiuiii
1160 4713 1316 4776 translata
1341 4714 1494 4786 luissent,
1512 4727 1570 4778 aut
1590 4715 1616 4777 si
1632 4717 1704 4795 quis
1724 4719 1809 4781 alius

181 4794 383 4855 difficultates
396 4791 456 4852 sibi
472 4791 652 4869 propositas
663 4792 831 4853 solverent
845 4791 1007 4851 illustrare
1025 4790 1189 4851 voluisset.
1201 4793 1242 4853 At
1254 4792 1333 4852 nihil
1343 4793 1381 4853 de
1392 4792 1525 4872 hujusce
1538 4795 1643 4872 operis
1653 4794 1811 4875 'dignitate

181 4872 350 4933 iletraliere
364 4870 457 4932 debet
471 4871 610 4947 modesta
624 4869 653 4929 id
669 4888 770 4948 genus
782 4869 923 4931 auctoris
937 4865 1152 4947 professiolit
1169 4877 1263 4932 ¹certe
1277 4872 1333 4948 qui
1350 4890 1399 4932 res
1416 4870 1613 4952 theologicas
1627 4870 1676 4935 his
1688 4882 1811 4954 tempn-

183 4952 273 5012 rihus
285 4947 469 5011 accuratius
483 4947 730 5027 investigarunt,
746 4947 886 5010 latentur
897 4949 1058 5010 neminem
1073 4950 1369 5029 anteAiigustinuin
1381 4950 1458 5012 satis
1474 4951 1653 5029 explicasse
1663 4952 1803 5015 invisibi-

159 5027 391 5132 llitateinFilii
404 5027 458 5087 Dei
477 5032 589 5090 contra
605 5027 755 5093 Arianos.
771 5046 828 5088 nec
842 5027 983 5106 objectas
999 5027 1040 5088 ah
1055 5028 1101 5087 eis
1116 5027 1337 5089 ilidii-iiltatiiiii
1356 5030 1486 5089 umbras
1503 5035 1675 5092 tantucuni
1689 5031 1811 5093 lumina

162 5107 365 5200 ‚dispulisset
377 5105 464 5197 Unde
475 5105 591 5168 Grecis
610 5107 655 5169 ita
675 5106 863 5169 admirabile
887 5106 991 5167 visuin
1007 5114 1056 5167 esl
1072 5106 1155 5166 istud
1169 5124 1263 5184 opus,
1283 5113 1317 5168 iit
1334 5106 1411 5168 iliud
1427 5125 1492 5171 suas
1506 5108 1610 5186 gentis
1625 5109 1812 5174 huminibus

184 5184 547 5343 prggpldlr'elstseacggi'dlum
568 5261 608 5325 de
619 5262 822 5341 Appendice,
837 5263 869 5323 iu
889 5279 954 5340 qua
971 5264 1178 5325 couliiienlur
1193 5269 1346 5354 tractatus
1366 5269 1478 5326 eontra
1492 5238 1638 5344 quinque
1651 5265 1810 5343 liiereses,

183 5348 296 5405 contra
307 5342 446 5411 Juduos,
457 5343 615 5421 Pagauos,
629 5346 661 5402 et
677 5342 825 5414 Arianos,
840 5342 879 5402 de
898 5341 974 5402 Fide
990 5349 1101 5417 contra
1116 5340 1328 5409 Alaun-basus,
1346 5342 1384 5404 ile
1398 5343 1523 5405 Unitate
1550 5344 1715 5407 Trinitatis
1726 5366 1808 5408 coii-

185 5428 234 5484 tra
255 5420 453 5483 Feliciauum
473 5420 643 5491 amanum,
665 5421 721 5497 qui
739 5436 850 5482 omncs
870 5420 903 5479 in
926 5418 1119 5482 editionibus
1143 5421 1351 5482 lucuniensis
1375 5421 1604 5501 recognitionis
1632 5420 1808 5501 Augustino

185 5499 295 5563 tributi
307 5498 454 5561 riserant:
470 5498 526 5561 sed
540 5502 638 5576 quam
659 5515 829 5577 perperam
858 5499 1025 5565 evincent.
1042 5504 1078 5559 ut
1094 5499 1272 5570 credimus,
1291 5501 1554 5581 Admonitionem
1577 5506 1656 5578 qiiiis
1669 5497 1807 5573 stimulis

185 5579 373 5641 tractatibus
383 5573 582 5657 praeligemus
596 5577 664 5638 suis
679 5576 769 5639 locis.
781 5577 970 5641 consimiles
983 5576 1055 5640 aliis
1069 5578 1092 5638 A
1098 5577 1259 5655 ppendicis
1272 5579 1435 5654 opusculis
1448 5592 1657 5657 apponemus,
1668 5576 1776 5652 quoru
1783 5596 1813 5638 ni

186 5675 279 5727 rmus
294 5673 333 5719 ac
346 5655 515 5736 genuinos,
532 5656 637 5735 quoad
652 5655 721 5717 lieri
736 5658 863 5736 poterit,
877 5663 1024 5719 auctores
1038 5662 1180 5733 retegere
1193 5658 1392 5719 conabimur.
1726 5666 1731 5672 ’
