3938 6360
155 207 213 267 sia

161 316 341 377 babitaculum
363 324 516 385 sanctinum
536 320 615 381 atqrre
630 308 664 363 ab
685 305 758 361 omiti
786 303 846 357 labe
872 298 951 369 buius

159 411 251 466 sarculi
267 414 439 479 purgatorum
453 404 463 474 (
475 401 540 457 lsai.
557 397 679 473 cariffi
693 399 712 466 l,
726 410 778 467 qua
793 391 900 449 taudem
914 389 954 444 al·

162 505 283 556 inmatur
297 495 417 560 audacia,
431 509 486 548 nou
504 489 623 550 btturum
650 488 732 542 luisse
747 483 898 548 muudum,
925 478 951 534 id

160 602 219 656 est,
233 575 330 646 coelum
342 598 369 642 et
381 597 489 651 terram,
505 583 555 638 nisi
571 589 679 651 propter
691 578 875 633 necessitatem
889 587 953 644 pur·

161 684 308 756 gmdormn
317 680 458 751 spirituum
473 674 661 739 rationalium,
675 669 721 741 egui
733 669 773 725 vel
786 667 812 722 iu
827 665 896 722 eoelo
907 661 949 719 uel

161 778 189 835 ln
216 787 288 832 terra
304 790 358 829 rron
376 779 467 829 esseut
492 768 543 824 uisi
562 782 610 837 nro
632 764 736 821 meritis
755 758 952 833 pecuariorum?

162 868 231 937 erid
241 882 305 939 ergo
315 864 435 937 purgatis
444 876 512 933 onus
526 870 566 915 est
580 858 649 914 eoelo
666 870 737 912 nmo
747 863 775 910 et
790 842 860 909 terra
873 866 951 915 uorat,

162 964 184 1017 si
206 959 310 1031 grurgati
333 956 367 1012 ad
383 955 434 1010 troc
448 951 643 1015 restituuntur,
664 956 694 1002 ut
709 947 764 1001 sint
777 941 954 1014 quaemadmo-

162 1052 226 1107 dum
242 1048 420 1104 lueruntante
434 1043 531 1099 eoelum
546 1049 573 1097 et
587 1047 685 1094 terram
701 1036 759 1092 sine
769 1033 840 1091 coelo
850 1040 877 1086 ct
896 1040 952 1085 ter·

162 1141 212 1207 rai
237 1138 314 1207 Quod
332 1138 355 1193 si
378 1135 488 1192 omniuo
502 1147 594 1188 rerum
616 1138 706 1189 essct.
731 1141 780 1181 nos
799 1138 883 1195 usque
895 1123 904 1155 ¹
918 1118 951 1177 ad

162 1233 227 1289 ilud
245 1229 317 1302 qrrod
346 1226 475 1298 promittit
508 1223 644 1292 Scriptura
667 1233 743 1290 spem
759 1225 877 1272 nostram
895 1220 952 1269 teu·

162 1324 227 1388 clere
240 1322 409 1378 deberemus.
424 1318 457 1373 Et
467 1317 490 1372 si
503 1315 565 1371 inde
575 1325 695 1368 essemus
706 1311 731 1364 iu
747 1306 846 1377 aliquid
856 1305 953 1360 melius

163 1409 352 1477 transferendi,
367 1409 451 1463 multo
470 1401 655 1462 rationabilius
674 1399 725 1454 boc
750 1406 814 1452 tunc
839 1395 894 1464 jam
916 1393 951 1448 ibi

163 1503 242 1574 piniti
256 1501 432 1566 disceremus,
444 1511 523 1570 quarn
537 1508 608 1549 rtuue
619 1507 671 1546 nou
681 1489 768 1543 solmu
781 1495 882 1541 toruere
894 1498 954 1538 ere·

163 1595 298 1658 duremus,
308 1605 402 1647 rerum
412 1589 492 1644 etiam
504 1582 776 1655 intpudeuterdooere
782 1589 950 1633 conaremur.

162 1683 231 1752 erirl
254 1692 297 1740 est
314 1690 405 1737 autem
428 1660 675 1753 absurdius,qua1u
693 1671 794 1735 dicere,
807 1667 910 1723 Caelum
925 1676 953 1722 ct

164 1785 234 1830 terra
247 1789 301 1828 niro
316 1779 417 1835 essent,
441 1769 493 1824 nisi
515 1765 666 1822 necessaria
681 1770 753 1819 esset
773 1760 864 1815 meridi
880 1768 950 1813 stru-

162 1877 238 1920 ctura
253 1863 481 1935 prrrgarrdis;.cum
493 1860 606 1936 alterum
621 1854 720 1911 eoelmu
731 1862 758 1908 et
770 1852 881 1906 alteram
901 1858 953 1905 ter·

163 1973 219 2012 ram
232 1955 370 2025 premium
382 1951 517 2022 Scriptura
533 1947 673 2019 purgatis?

199 2046 242 2101 ll.
267 2045 351 2100 Porro
365 2043 398 2099 rle
420 2042 477 2098 sole
497 2050 523 2098 et
544 2039 607 2094 luna
623 2037 781 2106 eaeterisque
807 2031 951 2093 sideribus,

162 2136 233 2208 qrritd
245 2134 363 2193 coelestia
377 2134 431 2188 siut
453 2144 566 2202 errrgrora
584 2128 723 2191 ridemus3
747 2124 817 2196 quarti
836 2123 951 2178 mirmur

161 2229 217 2283 sint
229 2242 283 2283 non
298 2224 428 2280 ridemus.
455 2223 493 2278 lie
507 2221 605 2287 diuinis
618 2219 670 2274 boe
686 2217 773 2272 Libris
794 2215 905 2285 legatur,
924 2219 953 2267 et

161 2318 307 2375 credimus.
331 2303 397 2372 rcum
425 2313 604 2370 testimouium
637 2325 671 2366 es
689 2306 809 2380 barrstuli
835 2304 951 2375 Epistola

161 2408 232 2480 quaed
244 2408 329 2464 abeis
342 2406 394 2462 dici
408 2405 494 2460 solere
507 2401 629 2475 posuisti,
643 2399 722 2455 etiam
740 2398 774 2454 de
788 2396 852 2451 solis
862 2395 950 2450 bomi-

162 2498 241 2554 nibus
254 2496 364 2566 irttelligi
384 2503 489 2565 pritest;
502 2493 628 2564 quoniam
643 2490 670 2544 ln
686 2500 846 2557 unoquoque
866 2484 953 2541 irorui·

162 2600 197 2657 ne
219 2594 260 2641 est
280 2586 370 2643 omnis
392 2592 525 2647 creatura,
539 2597 593 2636 nnn
607 2578 793 2635 oratuersaltrer
813 2576 881 2630 sicut
910 2583 953 2629 est

162 2671 262 2740 coelum‘
274 2683 300 2731 et
314 2683 386 2730 terra
402 2681 429 2728 et
442 2671 531 2726 onmia
545 2686 605 2740 qum
624 2671 650 2723 in
663 2668 703 2723 eis
716 2651 789 2729 sinu,
805 2663 852 2720 sul
870 2678 952 2733 geue·

162 2746 240 2821 ratim
259 2746 373 2834 qurrdam
399 2761 570 2831 modozquia
593 2769 620 2815 et
634 2756 771 2812 rationalis
793 2755 819 2810 iu
841 2754 950 2815 illuost,

161 2872 240 2926 rgrram
250 2854 292 2910 rel
302 2853 446 2924 probantur
456 2850 555 2906 babere
566 2848 670 2919 bugeli,
682 2846 724 2902 rel
736 2844 880 2900 credemur
892 2860 900 2910 ;
912 2852 950 2909 et,

162 2957 190 3015 ut
207 2946 241 3000 ita
268 2945 365 3011 dicam,
392 2940 536 3005 sensualis,
552 2954 603 3010 qua
618 2947 645 2992 et
658 2935 749 2991 bestiae
762 2950 814 2989 nou
836 2942 927 2988 earctrt
943 2950 950 2988 :

162 3047 272 3095 utuntur
292 3037 403 3094 enimet
425 3034 547 3089 sensibus
571 3040 599 3087 et
612 3027 780 3085 sensualibus
792 3025 907 3081 motibus
918 3024 952 3079 ad

160 3131 310 3203 appetenda
330 3129 406 3185 utilia
419 3138 447 3183 ct
460 3123 565 3183 uitanda
591 3121 744 3179 ertrrtraria:
760 3127 787 3174 ct
798 3117 884 3173 uitalis
899 3115 953 3186 giri-

162 3234 221 3280 rata
231 3238 323 3290 sensu,
335 3221 421 3292 qualis
432 3217 535 3274 adterti
545 3217 570 3272 iu
578 3214 720 3272 arboribus
731 3220 834 3285 pritest;
851 3226 911 3265 narn
924 3219 952 3265 et

161 3316 188 3370 iu
204 3314 281 3372 uobis
295 3313 353 3368 sine
363 3325 443 3367 sensu
459 3316 551 3364 nostro
564 3306 631 3361 liunt
644 3303 764 3375 corporis
777 3301 951 3366 incrementa,

161 3405 295 3476 cteanilli
311 3418 360 3460 uec
372 3417 433 3459 cum
453 3398 640 3471 nramidmrtur
661 3395 790 3461 seritiuut,
810 3400 838 3447 et
862 3401 951 3446 tamen

163 3477 298 3550 creseunt.
316 3492 375 3548 iam
392 3507 456 3546 reru
469 3490 526 3558 ipsa
549 3486 697 3558 corporalis
709 3493 830 3541 creatura
844 3480 953 3536 eviden-

162 3589 216 3642 tius
227 3592 336 3657 annuet
351 3584 376 3637 iu
391 3582 478 3646 uobis,
498 3595 557 3649 quas
572 3579 634 3634 lieet
648 3593 684 3632 ex
699 3585 769 3632 terra
786 3574 853 3629 lueet
872 3582 953 3642 atque

164 3678 277 3730 larrrruua
288 3673 331 3734 sit,
350 3672 440 3725 insum
455 3666 596 3722 tartreua'lli
611 3681 645 3721 ex
665 3663 789 3720 omnibns
799 3662 878 3730 lurjus
890 3676 952 3716 cor-

163 3764 235 3836 porei
250 3761 342 3817 rnrtrrdi
356 3757 498 3816 eleuteutis
511 3754 633 3826 qrrmdatn
648 3753 784 3823 particulae
802 3750 835 3805 ad
851 3759 954 3820 terrine-

163 3859 229 3923 riem
242 3851 413 3910 ualetudinis.
426 3848 492 3905 liam
513 3856 541 3903 ct
552 3846 641 3902 calore
654 3843 773 3900 ntetrrbra
787 3851 952 3914 vegetantur,

166 3947 211 4019 quui
225 3954 267 4002 est
279 3943 313 3999 ab
326 3943 395 4014 igue,
410 3939 487 4011 enjus
498 3937 579 3994 etiam
597 3938 640 3991 lus
657 3950 704 4006 ner
723 3933 815 4013 oeulos
838 3933 952 3999 emieat;

163 4051 191 4097 ct
214 4053 276 4094 aere
297 4049 425 4091 renarmu
456 4031 603 4096 discursus,
622 4044 689 4103 quas
710 4030 821 4084 arterias
835 4035 952 4092 sonarit,

162 4143 242 4204 atquae
257 4131 420 4203 spiratueuta
434 4126 567 4197 ptrlutouis
582 4125 743 4193 iurulentum
755 4133 782 4179 et
797 4123 892 4179 lrtrntor
902 4124 953 4179 nisi

162 4235 251 4287 esset,
264 4221 335 4277 nulla
352 4227 519 4290 sntrtaumnta
535 4216 712 4282 curuluereut,
726 4215 862 4286 ritantque
872 4214 953 4269 absu-

164 4323 249 4372 meret
268 4312 384 4368 siccius.
408 4308 473 4364 Nom
502 4318 530 4365 et
551 4309 608 4377 imo
621 4308 729 4378 sangaris
754 4306 865 4362 butirirlo
879 4306 957 4376 lapsu

163 4407 230 4462 alias
244 4419 325 4474 vertas
344 4402 472 4473 replens,
500 4399 575 4469 criasi
603 4398 667 4453 risis
684 4406 712 4453 et
732 4397 885 4453 tiuminibus
906 4412 954 4467 ner

162 4505 258 4552 crrrreta
277 4492 443 4548 rlissurrditur,
459 4493 495 4546 lta
514 4491 614 4546 trullum
632 4497 673 4543 est
689 4499 820 4544 creaturae
844 4501 952 4559 gernirs,

163 4585 233 4653 ignoti
255 4599 307 4638 ntttt
322 4584 348 4638 iu
364 4583 472 4638 bomine
496 4581 580 4652 possit
604 4573 713 4652 agnosci
729 4598 735 4632 ι
751 4594 783 4636 ae
807 4579 847 4636 sie
866 4580 955 4636 curuis

163 4686 285 4734 creatura
296 4675 321 4728 in
334 4689 366 4729 eo
378 4672 586 4740 congeruiseitet
599 4671 680 4740 dolet,
690 4671 877 4726 revelationem
887 4670 955 4724 illiri-

163 4781 222 4821 rum
248 4763 295 4819 liei
309 4771 468 4832 exspectaus
490 4761 501 4832 (
517 4761 591 4818 lietu.
606 4777 663 4827 rur,
673 4761 719 4829 22,
733 4761 769 4818 23
784 4763 812 4830 l:
833 4777 892 4832 qtrze
907 4777 954 4831 ner

164 4855 285 4926 cornuis
298 4854 379 4910 etiam
392 4853 581 4909 resurrection·
591 4868 629 4919 m,
645 4854 696 4907 etsi
717 4869 769 4907 nrm
783 4854 808 4907 in
828 4853 954 4908 otrrrtibns

164 4946 333 5012 lrorrriuibus,
347 4945 435 5000 orrtrris
450 4954 537 4998 tamen
554 4944 759 5013 aeorruptionis
782 4953 910 4998 serrnuto
921 4944 954 4998 li·

165 5038 310 5102 lucrabitur,
323 5037 422 5106 uuiaet
435 5036 461 5088 iu
474 5034 586 5104 singuiis
598 5033 686 5088 omnis
699 5043 750 5089 est.
765 5034 826 5088 Etsi
837 5048 889 5094 arro
900 5034 955 5089 alio

166 5127 246 5197 riardo
269 5126 365 5181 melius
379 5133 466 5195 potest
480 5124 549 5179 idem
563 5124 637 5180 locus
650 5122 855 5195 apostolicarum
869 5124 954 5179 bitte·

164 5235 255 5279 rarum
268 5217 378 5289 intelligi
389 5233 396 5271 r
409 5231 461 5270 nou
484 5224 572 5270 taum
585 5230 617 5270 ea
633 5215 732 5270 eisdem
746 5214 835 5271 uerbis
856 5229 953 5270 course-

164 5325 249 5382 nnous
267 5318 310 5368 est
322 5317 351 5363 ut
362 5309 448 5366 solem
468 5314 496 5362 et
510 5305 599 5361 luuam
616 5316 642 5362 et
656 5307 744 5361 sidera
756 5307 956 5376 congemiscere

165 5402 321 5467 credamus,
332 5399 419 5456 dorice
432 5399 458 5453 iu
472 5399 562 5454 saculi
578 5396 657 5453 brien
671 5394 851 5469 corruptionis
872 5398 955 5454 serui·

198 5585 205 5615 ¹
219 5582 292 5634 rubus
303 5586 369 5643 tan,
382 5590 428 5631 reor
440 5590 521 5643 arante
534 5578 677 5630 rnremiatur
689 5591 720 5630 er
732 5579 907 5645 nauuscrtptts

341 203 387 261 so
404 196 553 259 onosma
572 192 709 253 comas
731 185 893 247 utriscum.
915 182 958 240 er
977 182 1126 253 aarum,
1146 184 1174 242 a.
1196 185 1378 247 aueusrm
1397 138 1502 248 susa
1518 185 1637 249 usus
1706 172 1717 181 “
1766 189 1814 248 rar

1008 299 1227 357 triteliberentur.

1042 391 1148 450 Ctl‘b'l
1174 394 1218 450 lli.
1234 425 1266 438 -
1284 394 1327 452 ld.
1343 395 1414 453 Sauo
1425 394 1654 467 quoaunrdlxi.
1670 394 1717 452 lie
1728 393 1815 452 dividi

1007 482 1095 539 Libris
1108 485 1219 556 legatur,
1231 496 1258 542 ct
1269 487 1422 555 ererliutus;
1436 503 1471 544 ne
1483 498 1511 545 te
1520 470 1649 545 lursitatt
1661 486 1818 560 fallamini

1007 573 1040 629 do
1054 575 1121 629 libro
1133 577 1219 630 mucii
1239 576 1290 633 leb
1312 576 1431 648 prolerre
1451 579 1578 635 asmleut
1600 579 1655 651 qul
1672 580 1738 635 iroee
1752 594 1818 636 aare·

1007 674 1069 720 rrrut
1081 705 1089 731 ,
1103 665 1148 720 ubi
1171 668 1298 738 seriptum
1313 675 1355 724 est
1370 685 1378 724 :
1395 668 1528 736 Quomodo
1552 668 1607 722 eris
1630 668 1720 723 Ιιοιιιο
1736 670 1817 739 June

1006 773 1092 810 coram
1108 757 1225 824 Darrriuu,
1240 761 1279 813 uel
1290 759 1415 824 mouenda
1426 776 1453 814 re
1465 758 1606 814 mandabit
1619 768 1710 813 notes
1723 776 1756 814 a
1765 776 1818 813 ιι-

1008 848 1089 903 licre?
1107 849 1129 903 ri
1147 848 1214 903 latum
1225 850 1359 928 precipit,
1373 860 1399 905 et
1415 865 1465 905 non
1478 849 1570 916 lucet,
1586 865 1639 904 nec
1663 848 1819 905 stelloernt

1009 938 1108 993 uruudoe
1127 949 1185 992 erile
1203 957 1260 994 cum
1280 956 1291 1005 ,·
1310 950 1404 1012 guanto
1426 940 1508 1012 uragu
1525 940 1611 1010 ironia
1634 940 1776 1012 putredo,
1797 950 1818 996 rt

1010 1029 1075 1097 filius
1095 1029 1204 1084 iteruinia
1227 1032 1316 1087 muris
1334 1028 1348 1106 l
1366 1029 1417 1087 iot
1441 1047 1503 1098 xxv,
1525 1029 1626 1109 456ss
1650 1031 1730 1088 Hine
1749 1030 1818 1089 eni!

1007 1123 1098 1176 rabant
1108 1121 1230 1194 intelligi,
1241 1131 1268 1178 et
1282 1123 1436 1178 rationalem
1450 1123 1577 1193 spiritum
1590 1123 1707 1180 babere
1717 1125 1817 1191 stellas,

1007 1222 1032 1264 et
1046 1211 1159 1266 trtuttdas
1172 1228 1224 1266 nort
1236 1227 1319 1268 essee
1334 1223 1441 1282 peccato
1452 1229 1459 1265 ε
1469 1210 1516 1266 sed
1529 1211 1596 1268 ideo
1609 1212 1639 1268 in
1651 1212 1741 1270 coiis
1749 1229 1818 1281 east,

1006 1303 1066 1374 quia
1083 1303 1210 1374 nrajrrrem
1224 1305 1265 1358 rel
1280 1303 1419 1362 meliorem
1437 1303 1524 1359 loortm
1539 1302 1636 1359 orinor
1650 1303 1743 1375 eulpa
1757 1320 1818 1377 pru·

1007 1397 1113 1451 rueruit.
1129 1395 1187 1453 Non
1203 1410 1251 1467 nro
1264 1396 1421 1451 auctoritate
1434 1394 1522 1451 diuina
1541 1394 1628 1451 istam
1644 1397 1818 1452 sentemiarr

1007 1487 1187 1570 eripiendam
1201 1501 1261 1542 csse
1274 1477 1400 1542 existimo
1420 1503 1428 1540 ι
1451 1501 1503 1542 neu
1518 1486 1594 1542 enim
1606 1501 1677 1543 earn
1693 1488 1759 1558 inse
1770 1487 1818 1546 iob

1006 1578 1173 1645 crurrrtimit,
1186 1578 1228 1632 eui
1239 1573 1377 1649 'singulare
1390 1576 1505 1649 quodam
1520 1575 1606 1632 medo
1621 1578 1818 1634 testimoniare

1005 1667 1319 1738 diuinitusperbibetur,
1334 1668 1405 1738 quud
1427 1685 1477 1724 non
1492 1669 1637 1738 peremerit
1661 1668 1748 1726 labda
1769 1672 1845 1727 aiu

1005 1768 1064 1813 crete
1078 1758 1213 1813 Dourirrtrm
1228 1757 1237 1831 (
1250 1758 1291 1813 ld.
1308 1776 1327 1827 t,
1340 1758 1413 1830 fik
1427 1759 1474 1817 sed
1489 1775 1558 1816 unus
1572 1775 1609 1816 ex
1625 1760 1694 1833 elus
1710 1765 1818 1830 artricis,

1005 1850 1050 1920 qui
1069 1849 1131 1904 dieti
1152 1860 1214 1905 suut
1234 1851 1405 1906 consolatores
1422 1853 1818 1928 montemmaranum,

1005 1942 1050 2014 2),
1064 1951 1091 1998 ct
1102 1942 1190 1999 divina
1203 1944 1335 2000 senterrtia
1349 1939 1483 2014 reprobati
1495 1952 1568 1999 suot.
1584 1943 1668 2001 Sicut
1682 1949 1818 2004 autembr

1006 2036 1171 2108 Evangelio,
1188 2037 1309 2106 natantiis
1330 2052 1422 2092 rerum
1446 2036 1482 2091 sit
1501 2036 1617 2093 omnino
1639 2038 1724 2110 quod
1745 2039 1818 2097 duaa

1005 2129 1070 2196 sint,
1084 2143 1135 2183 tion
1150 2138 1237 2183 tamen
1250 2128 1340 2183 omnia
1353 2141 1414 2198 quae
1432 2126 1503 2182 dieta
1517 2139 1580 2182 suut
1592 2142 1661 2185 vera
1676 2144 1747 2186 esse
1757 2146 1818 2187 cre

1005 2217 1121 2283 duntur;
1136 2219 1261 2289 minuriunt
1276 2217 1357 2272 multa
1371 2233 1385 2270 a
1400 2215 1500 2272 ludaris
1512 2215 1529 2271 l.
1540 2216 1580 2273 lsi
1594 2226 1626 2273 et
1638 2218 1729 2291 impla
1742 2220 1817 2277 dicta

1005 2325 1065 2364 esse
1080 2324 1158 2365 ueras
1180 2307 1316 2379 Evangelii
1337 2307 1475 2378 Serinlm
1495 2314 1612 2363 testatur
1626 2324 1636 2365 a
1650 2311 1697 2366 sie
1717 2310 1748 2366 ιιι
1763 2311 1815 2367 bae

1006 2402 1084 2468 libro,
1097 2401 1141 2456 ubi
1155 2400 1245 2456 multo
1261 2415 1383 2471 personae
1397 2398 1492 2455 locuta
1502 2414 1564 2456 esse
1577 2411 1743 2469 namnum,
1758 2420 1813 2460 ιιιιι

1005 2493 1092 2548 solum
1102 2491 1167 2562 quiid
1177 2491 1291 2556 dimtur,
1304 2491 1353 2546 sed
1366 2506 1381 2544 a
1393 2505 1447 2562 quo
1460 2489 1543 2547 etiam
1556 2490 1813 2550 dicaturemrside-

1006 2587 1117 2642 raudum
1127 2597 1184 2651 est;
1194 2583 1812 2656 nepassimquoinsanctulibrnnuolibetseri·

1000 2686 1048 2746 grta
1057 2673 1694 2746 sunurecipientes,cogamurlateri,nuodabsit,
1703 2691 1769 2744 vera
1779 2686 1809 2733 et

1002 2765 1074 2836 jusm
1088 2767 1185 2831 luisse,
1200 2781 1259 2835 irum
1272 2766 1369 2822 marito
1383 2774 1476 2821 saneto
1487 2765 1584 2820 mulier
1596 2763 1733 2836 insipiens
1744 2783 1808 2837 sug·

1004 2858 1132 2928 gerebat,
1147 2868 1174 2912 ut
1189 2857 1288 2928 uliurrid
1310 2857 1439 2913 adversus
1462 2856 1552 2912 ileum
1567 2855 1683 2927 lrmuens
1702 2859 1740 2914 ab
1761 2859 1805 2914 illa

1006 2949 1164 3005 intolerabili
1186 2964 1263 3017 uma
1285 2948 1424 3005 moriendo
1446 2949 1604 3004 liberaretur
1625 2947 1692 3021 (ld.
1710 2965 1742 3018 u,
1756 2950 1804 3019 br.

1005 3043 1081 3114 Quod
1094 3056 1145 3097 uou
1161 3041 1221 3098 ideo
1235 3043 1366 3107 dixerim,
1382 3040 1443 3113 quia
1457 3041 1493 3097 ill
1506 3040 1611 3096 altricia
1631 3041 1751 3098 Domino
1762 3060 1805 3099 re·

1006 3136 1126 3206 probati,
1140 3145 1167 3190 et
1180 3135 1214 3190 ab
1228 3134 1286 3203 insu
1305 3142 1398 3189 saneto
1418 3133 1464 3188 bet
1479 3146 1558 3187 seruo
1570 3130 1669 3188 uterito
1680 3133 1802 3204 culpati,

1006 3227 1071 3282 nibil
1086 3227 1140 3281 reri
1155 3226 1225 3294 largiri
1241 3235 1384 3294 notuerunt
1401 3223 1470 3278 :seri
1483 3222 1543 3293 qrria
1562 3237 1615 3276 non
1629 3223 1723 3279 omnia
1742 3240 1804 3295 utrm

1006 3318 1086 3375 brenti
1101 3326 1173 3377 sunu,
1184 3330 1248 3371 uera
1264 3313 1379 3385 puumda
1392 3321 1464 3368 sunt.
1477 3311 1604 3382 eramris
1617 3313 1689 3368 enirn
1705 3312 1804 3370 adrer-

1005 3422 1065 3464 sum
1077 3406 1128 3463 iob
1145 3404 1211 3461 nlltil
1226 3419 1317 3459 rerum
1330 3403 1455 3459 dixerunt
1467 3403 1487 3471 ¹,
1504 3410 1590 3473 potest
1612 3410 1705 3460 uren
1719 3404 1802 3462 οιιιιιι

1005 3513 1039 3554 cs
1053 3512 1147 3553 eorum
1160 3495 1252 3550 serbis
1265 3494 1381 3562 aliquam
1396 3507 1488 3548 sanam
1502 3492 1662 3549 sententiam
1681 3493 1708 3549 iu
1723 3495 1803 3552 testi·

1006 3589 1125 3645 mortium
1141 3586 1259 3643 ueritatis
1270 3600 1407 3642 assumere
1418 3626 1425 3648 .
1436 3584 1481 3656 quii
1496 3584 1569 3640 ruerit
1581 3585 1720 3657 sapienter
1728 3586 1803 3644 dicta

1006 3679 1160 3735 discerncre
1176 3694 1184 3731 ε
1199 3675 1246 3732 scd
1267 3675 1373 3748 gaurida
1396 3676 1578 3747 inquirentes,
1598 3675 1707 3747 probari
1723 3677 1803 3735 nabis

1006 3768 1106 3838 aliuuid
1119 3768 1241 3822 urrlrrmus
1262 3766 1413 3822 testimonio
1434 3776 1588 3824 sarrettrrum
1607 3768 1800 3840 eloquiorum,

1007 3873 1061 3913 rron
1080 3856 1159 3912 nubis
1179 3857 1282 3912 dicatur
1305 3856 1466 3912 eredendum
1488 3872 1548 3913 esse
1572 3858 1652 3914 etiam
1675 3860 1749 3929 quod
1773 3861 1800 3915 iu

1007 3947 1154 4017 Erarrgelio
1168 3946 1295 4016 scriptum
1314 3955 1366 4010 est,
1381 3945 1402 4001 si
1416 3946 1484 4003 lorte
1497 3947 1658 4019 evangelia
1673 3964 1735 4005 eum
1749 3948 1800 4006 buc

1006 4039 1106 4095 dixisse
1117 4046 1318 4101 eorruneruorat,
1330 4038 1371 4092 eui
1387 4037 1453 4094 biles
1468 4037 1586 4106 babendo
1600 4053 1653 4093 ttou
1667 4048 1719 4094 est.
1732 4040 1800 4096 llam

1006 4130 1106 4186 dicium
1124 4129 1231 4186 estillic
1245 4144 1259 4183 a
1272 4128 1373 4184 ludaeis
1386 4129 1498 4184 borrriuo
1512 4128 1634 4194 Christo,
1653 4128 1747 4185 Nouae
1760 4148 1801 4186 re·

1006 4239 1064 4277 ruut
1076 4221 1200 4285 dicirurts,
1215 4221 1275 4289 qrriu
1288 4219 1467 4275 Samaritanus
1481 4232 1507 4274 es
1520 4228 1543 4273 et
1557 4219 1711 4274 doetttouiuur
1723 4221 1800 4276 baira

1007 4304 1104 4388 (locri.
1118 4330 1162 4369 rut
1175 4354 1183 4380 ,
1197 4313 1273 4384 illl?
1292 4314 1375 4379 Quam
1392 4326 1483 4367 rocem
1506 4320 1578 4366 tarrto
1596 4312 1712 4384 antplius
1725 4312 1801 4369 riete-

1006 4416 1126 4470 stamur,
1141 4411 1239 4475 qtramn
1253 4403 1328 4458 trabis
1341 4402 1463 4458 Christus
1475 4410 1517 4458 est
1530 4400 1637 4458 cbarior
1651 4420 1658 4458 :
1672 4405 1799 4461 ettrissant

1008 4506 1095 4553 tatnen
1109 4511 1168 4550 esse
1190 4510 1206 4549 a
1229 4494 1329 4550 induis
1351 4494 1472 4550 dubitare
1494 4509 1547 4550 riou
1569 4508 1732 4564 possumus,
1754 4496 1799 4566 arri

1006 4586 1185 4657 eraugclicam
1206 4584 1384 4639 narrationem
1405 4585 1570 4640 rarissimam
1592 4585 1738 4641 credimus.
1761 4585 1801 4641 lta

1007 4692 1056 4731 uec
1071 4675 1245 4746 brarrgclisteu
1257 4673 1414 4746 derogamus
1428 4673 1507 4730 bilem
1521 4674 1659 4741 scribenti,
1672 4686 1700 4731 et
1713 4675 1802 4733 ludaei

1006 4785 1099 4824 rorem
1113 4767 1321 4838 blasphemantis
1339 4782 1519 4823 exsecramur.
1543 4767 1597 4823 Nee
1609 4767 1697 4824 solum
1712 4769 1801 4839 inaniis

1007 4873 1035 4919 et
1050 4861 1172 4917 uelandis
1185 4859 1356 4926 bominibus,
1372 4859 1418 4915 sed
1434 4874 1484 4915 nee
1498 4859 1562 4931 ipsis
1577 4858 1602 4915 iu
1617 4858 1669 4915 ilde
1683 4860 1804 4932 parrrdis

1007 4967 1086 5027 atqne
1098 4957 1186 5011 adlruo
1197 4954 1306 5009 rudibus
1320 4963 1348 5009 et
1360 4953 1486 5020 ludat-tis,
1498 4954 1544 5025 qrri
1559 4952 1627 5009 tone
1638 4951 1674 5008 ibi
1687 4954 1804 5024 lmgrrerr·

1008 5061 1049 5106 tes
1066 5055 1327 5111 cmmnemnrautur,
1349 5056 1474 5116 tartunam
1495 5046 1631 5101 canonice
1648 5045 1803 5102 auennitati

1008 5139 1242 5196 aerarumodamus
1257 5136 1346 5194 iidem.
1370 5136 1463 5207 Neqrrc
1486 5138 1569 5204 enim,
1581 5135 1641 5207 cruia
1666 5135 1713 5191 ille
1727 5137 1806 5209 cirins

1009 5232 1072 5288 caeci
1086 5231 1139 5285 irati
1154 5228 1246 5285 oculos
1262 5228 1390 5297 [lominus
1401 5236 1553 5298 aperuerat,
1566 5228 1612 5290 ait
1627 5226 1731 5283 Scimus
1743 5228 1806 5298 guia

1009 5333 1150 5396 peremere
1165 5319 1234 5375 llam
1248 5336 1298 5375 raon
1309 5319 1411 5375 enarrdit
1426 5314 1491 5393 (ld.
1506 5333 1552 5387 ts,
1566 5318 1598 5375 iil
1609 5316 1631 5391 l,
1646 5316 1708 5373 ideo
1724 5317 1806 5373 istam

1009 5517 1056 5633 m:
1065 5511 1243 5576 ussaesnueir
1258 5523 1316 5578 crea
1343 5512 1472 5566 ιιιιιιιιιι
1490 5512 1534 5564 toi
1551 5509 1612 5565 rttltii
1630 5522 1714 5564 aarum
1730 5510 1806 5569 drac-
