3938 6360
162 234 214 292 brt

162 355 191 402 et
209 346 271 416 quia
294 346 362 401 lilius
386 345 475 416 ntique
494 346 608 418 genitus.
628 347 704 402 Sient
724 358 813 403 autem
829 347 900 402 lilius
914 344 947 400 ad

164 447 277 506 patrem,
291 438 329 493 sie
342 439 446 508 genitos
459 438 493 492 ad
512 440 659 509 genitorem
682 439 811 505 relectum
834 449 860 494 ει
881 438 950 494 sieut

166 540 239 597 pater
253 529 285 583 ad
299 528 400 596 illium,
415 530 450 583 ita
461 531 565 601 genitor
577 530 610 586 ad
623 532 754 602 genitum.
768 531 883 602 Ideoque
896 530 948 585 alia

164 622 237 676 trotio
250 629 291 676 εει
302 638 352 692 qna
364 621 522 693 intelligitur
534 624 648 694 genitor,
663 624 714 678 alia
730 638 782 695 qua
804 622 946 693 ingenitus.

164 708 230 765 liam
248 712 368 782 quamvis
383 711 415 767 de
431 713 509 767 Patre
530 714 584 769 ιιεο
599 722 741 784 utromque
755 712 869 778 dicatur,
883 710 949 767 illud

164 810 250 856 tamen
264 801 297 856 ad
312 804 447 872 genitum,
466 803 491 857 id
509 813 568 871 εει,
590 804 623 859 ad
642 805 739 859 Filium
752 802 865 869 diuitum
878 800 948 872 quod

164 907 211 947 nee
226 893 262 947 itti
276 903 375 963 negant
387 908 394 946 t
410 894 461 948 laoe
475 902 563 948 antem
574 894 643 963 quod
654 894 787 965 ingenitus
798 893 903 958 dicitnr,
915 891 948 946 ad

160 984 288 1053 seipsum
303 985 355 1040 dici
372 987 525 1055 perbibent.
542 986 638 1041 bieunt
657 1001 721 1056 ergo
736 1003 742 1039 ε
759 985 787 1041 si
802 984 902 1054 aliquid
915 981 948 1039 ad

160 1090 190 1130 se
211 1075 298 1145 ipsum
321 1076 418 1131 dicitur
437 1076 525 1140 Pater,
542 1076 612 1146 qnod
626 1077 659 1131 ad
680 1092 709 1131 εε
723 1078 809 1146 ipsum
823 1075 875 1130 dici
896 1090 949 1130 non

161 1164 351 1234 potestl'illus,
366 1176 393 1221 et
407 1166 533 1237 quidquid
548 1167 623 1222 adse
637 1169 722 1238 ipsum
735 1167 840 1233 dicitur,
854 1181 949 1221 scenn·
966 1157 970 1168 '

162 1255 227 1310 dum
243 1255 419 1311 substantiam
434 1255 544 1324 dicitur,
560 1267 586 1314 et
601 1257 634 1311 ad
649 1272 679 1313 se
694 1258 779 1327 ipsum
795 1255 892 1311 dieitur
905 1256 948 1309 iu·

160 1350 276 1417 genitus,
289 1346 360 1417 quud
375 1346 426 1402 diei
441 1363 495 1402 non
508 1356 595 1417 potest
609 1348 710 1411 ιἰιιιιες
723 1345 947 1417 ergosecundum

161 1436 335 1492 substantiam
349 1436 445 1493 dieitur
467 1438 617 1507 ingenitos,
633 1438 703 1507 qnod
718 1437 802 1492 Filius
821 1435 882 1504 qnia
897 1433 948 1488 diei

160 1541 214 1581 non
227 1535 333 1596 potest,
349 1539 401 1580 non
416 1526 534 1596 ejusdem
557 1533 598 1580 est
617 1525 781 1580 substantia.
794 1524 841 1578 Cui
856 1536 949 1577 versu-

160 1620 204 1675 tiae
219 1618 395 1688 respondetur
410 1619 466 1680 ita.
488 1627 516 1674 ut
537 1618 586 1686 ipsi
608 1628 736 1687 cogantur
750 1616 837 1670 dicere
851 1629 948 1669 secun-

160 1710 223 1766 dum
238 1710 302 1781 quid
316 1711 350 1765 sit
361 1710 469 1779 aequalis
482 1709 554 1763 Patri
570 1708 670 1773 Fttins;
691 1716 779 1761 utrum
800 1705 947 1761 seeundum

161 1800 188 1855 ld
202 1799 272 1870 quod
285 1798 319 1853 ad
334 1814 362 1854 se
375 1798 481 1863 dicitur,
494 1814 527 1852 an
541 1796 687 1853 secundnm
708 1797 734 1851 id
756 1796 826 1866 quod
846 1794 879 1849 ad
898 1794 948 1849 Pa·

162 1898 230 1945 trem
246 1888 351 1944 dieitur.
363 1886 420 1943 Non
434 1889 505 1943 enim
518 1887 662 1942 seeundum
677 1887 703 1941 id
718 1886 788 1956 quod
799 1885 831 1941 ad
842 1885 948 1940 Patrem

161 1978 267 2046 dieitur,
286 1979 411 2048 quoniam
424 1978 457 2032 ad
474 1985 575 2047 patrem
591 1977 661 2032 lilius
676 1976 782 2040 dieitur,
798 1975 841 2029 ille
856 1983 945 2029 antem

160 2084 214 2125 non
228 2068 307 2134 salins,
323 2067 369 2124 sed
385 2078 459 2136 pater
474 2076 524 2122 εει.
540 2066 605 2134 Quia
620 2082 673 2120 non
688 2066 727 2120 sie
739 2065 771 2120 ad
784 2079 813 2120 se
823 2065 948 2120 dicuntur

159 2167 274 2231 pateret
287 2156 373 2225 salius,
393 2156 527 2228 quomodo
548 2157 626 2211 amici
650 2167 695 2211 ant
716 2157 805 2211 vicini.
828 2156 947 2210 llelative

158 2249 256 2320 quippe
269 2249 371 2304 amicus
384 2249 480 2304 dicitur
498 2247 532 2304 ad
551 2249 666 2303 amicum
676 2264 683 2313 ;
693 2255 724 2321 ,⁰¹
734 2246 756 2302 si
769 2247 906 2316 aequaliter
918 2259 947 2300 se

159 2342 288 2411 diligunt,
304 2340 396 2397 eadem
417 2341 444 2395 in
468 2350 579 2411 utruque
591 2339 705 2394 amicitia
724 2347 766 2394 est
777 2357 784 2392 τ
795 2348 822 2393 ει
836 2338 947 2393 relative

157 2432 262 2487 vicinus
283 2431 380 2486 dieitur
400 2431 580 2497 adrimetum
605 2438 631 2486 ει
652 2430 714 2500 quia
739 2429 876 2499 aequaliter
895 2429 947 2484 sibi

163 2521 239 2577 vieini
252 2529 314 2576 sum
329 2520 476 2592 (quantum
489 2521 561 2575 enim
583 2521 632 2574 iste
655 2520 710 2585 itti,
728 2527 830 2573 tantum
853 2528 880 2573 et
902 2518 947 2574 ille

159 2610 222 2664 braic
235 2608 403 2680 vicinatur),
420 2609 512 2664 eadem
537 2609 563 2663 in
585 2616 697 2677 utroque
723 2607 854 2662 vicinitas.
879 2606 945 2674 Quia

159 2713 225 2753 vero
245 2698 328 2752 Filius
349 2713 401 2752 aron
425 2696 458 2751 ad
471 2696 568 2751 Filium
587 2697 696 2751 relative
715 2695 824 2759 dieitur,
847 2694 894 2750 sed
913 2694 948 2749 ad

159 2788 282 2851 Patrern;
298 2801 350 2841 non
365 2785 512 2841 seeundum
527 2785 578 2841 lrue
592 2785 662 2856 quud
674 2785 706 2840 ad
723 2785 828 2842 Patrem
840 2784 944 2851 dieitur,

160 2877 270 2948 aqualis
279 2885 320 2933 est
331 2876 413 2932 Filius
424 2877 496 2932 Patri
506 2894 513 2930 :
523 2885 604 2930 restat
617 2885 645 2930 ut
659 2875 804 2930 secundum
820 2875 846 2929 id
858 2890 946 2945 arqua-

160 2967 194 3022 lis
207 2967 251 3035 sit,
265 2966 335 3037 quod
348 2965 381 3020 ad
394 2981 423 3021 se
436 2965 543 3020 dieltnr.
554 2964 688 3034 Quidquid
706 2974 793 3019 autem
813 2963 845 3018 ad
862 2979 891 3020 se
905 2963 947 3020 di-

160 3057 239 3123 eitur,
253 3056 398 3112 seeundum
417 3057 592 3112 substantiam
613 3056 710 3112 dicitur
721 3072 728 3109 :
740 3064 825 3111 restat
841 3065 948 3127 ergoet

159 3149 305 3205 seeundum
326 3149 501 3205 substantiam
516 3149 551 3203 sit
564 3150 683 3220 aequalis.
698 3147 797 3204 Eadem
813 3157 854 3204 est
869 3149 948 3220 igitur

161 3239 297 3309 utriusque
310 3239 466 3294 substantia.
480 3236 547 3293 Cum
562 3254 625 3294 veru
638 3239 772 3308 ingenitos
785 3238 883 3294 dieitur
895 3239 947 3293 Pa·

160 3338 211 3395 ter,
226 3345 279 3384 non
292 3327 355 3399 quid
370 3329 418 3395 sit,
436 3328 482 3384 sed
498 3329 561 3400 qnid
576 3345 629 3384 non
649 3330 683 3384 sit
696 3329 803 3384 dieitur.
815 3329 881 3384 Cum
900 3344 948 3384 au-

161 3427 215 3473 tem
230 3419 371 3474 relativum
396 3426 518 3489 negatur,
534 3435 588 3473 non
601 3418 747 3474 secundum
770 3420 946 3474 substantiam

160 3514 286 3577 negatur,
302 3508 364 3578 quia
379 3507 468 3582 ipsum
487 3506 630 3565 relativum
652 3524 705 3564 non
727 3509 948 3568 secundarusub

161 3596 405 3652 mmfflm

196 3686 310 3744 CAPUT
323 3688 379 3743 itt.
387 3690 457 3744 -8.
467 3689 577 3762 Negatio
585 3692 672 3747 addito
681 3709 732 3747 aton
742 3702 822 3748 mutat
829 3695 950 3766 paerdica-

161 3786 283 3831 mentum.
294 3777 350 3833 lloe
362 3779 491 3848 exemplis
501 3780 607 3849 planum
619 3778 766 3836 laciendum
781 3791 832 3838 est.
846 3785 885 3839 Ae
895 3785 950 3854 pri-

162 3865 948 3943 mnmvidendumestltoesignillearieumdiciturgenitus,

161 3956 232 4028 «quod
245 3956 407 4028 significatur
420 3972 480 4012 eum
494 3958 592 4013 dieitur
605 3958 684 4014 lrlins.
700 3959 762 4016 ldeo
776 3962 846 4016 enim
868 3962 948 4031 lilius,

66 4068 68 4073 v
161 4047 222 4116 quia
232 4046 354 4118 genitum
366 4055 393 4102 et
405 4049 465 4119 quia
479 4047 559 4114 lilius,
572 4049 662 4120 utique
674 4051 789 4121 genitus.
799 4051 875 4121 Quod
887 4069 950 4125 ergo

161 4138 258 4194 dicitur
271 4139 413 4209 ingenitus,
429 4139 479 4194 boe
490 4139 648 4208 ostenditur,
663 4141 733 4212 quod
746 4156 798 4198 nnn
812 4144 847 4198 ait
860 4143 948 4200 lilius:

162 4227 209 4283 sed
230 4227 335 4298 genitus
356 4236 383 4283 ει
405 4227 537 4298 ingenitus
559 4230 699 4286 commode
722 4231 861 4301 dieantur;
881 4235 951 4292 lilius

162 4325 251 4374 antem
264 4318 345 4373 latine
359 4318 464 4385 dieitur,
488 4319 535 4376 sed
556 4319 654 4375 inlillus
674 4328 703 4376 nt
717 4321 821 4379 dicatur
834 4340 886 4381 non
902 4326 950 4382 ad·

163 4410 243 4465 mittit
262 4409 387 4482 loquendi
408 4411 581 4466 consuetudo.
601 4411 672 4468 Nihil
693 4421 781 4469 tamen
805 4416 951 4475 intellectui

161 4499 292 4567 demitur,
308 4501 330 4555 si
344 4499 449 4555 dicatur
462 4515 515 4555 non
530 4500 616 4568 filius3
632 4503 856 4573 quemadmodum
871 4509 950 4565 etiam

161 4592 185 4647 si
200 4591 304 4647 dicatur
317 4606 369 4645 non
382 4591 497 4662 genitus,
513 4608 560 4663 pro
574 4607 607 4650 eo
617 4594 687 4665 quod
699 4594 796 4651 dieitur
807 4596 950 4669 ingenitus,

164 4682 231 4737 nibil
245 4681 317 4738 alind
331 4681 436 4737 dicitnr.
454 4682 498 4738 Sie
512 4684 582 4740 enlm
597 4693 623 4739 et
637 4685 739 4742 vicinus
757 4695 784 4743 et
797 4688 898 4745 amiens
910 4706 954 4746 re·

162 4776 242 4833 latire
254 4776 387 4841 dicuntur,
403 4791 452 4832 nee
466 4785 554 4833 tamen
566 4786 652 4848 potest
665 4778 794 4836 invicinus
811 4780 864 4836 dici
884 4799 951 4852 quo·

162 4866 243 4922 modo
255 4867 351 4922 dieitur
361 4866 494 4922 inimicus.
507 4866 684 4932 Quamobrem
702 4879 808 4925 nonest
826 4871 854 4926 in
874 4873 953 4930 rebus

163 4955 385 5011 considerandum
399 4955 461 5024 quid
475 4956 516 5011 rel
532 4955 601 5010 sinat
613 4955 654 5011 vel
668 4973 720 5011 non
735 4957 806 5014 sinat
823 4959 874 5016 diei
890 4976 953 5018 usus

163 5043 297 5099 sermonis
316 5044 416 5107 nostri,
438 5044 484 5098 εει
500 5045 558 5112 quis
575 5060 664 5101 rerunt
676 5046 792 5116 ipsarum
804 5049 953 5109 intellectus

165 5135 279 5189 eluceat.
295 5132 353 5187 Non
367 5148 430 5203 ergo
440 5135 495 5203 jam
510 5133 629 5189 dieamus
650 5136 815 5206 ingenitum,
831 5144 953 5211 quamvis

119 5243 123 5254 ·
165 5222 218 5279 diei
234 5222 314 5278 latine
326 5222 426 5294 possim
440 5222 487 5277 εειι
502 5238 550 5293 pro
563 5239 596 5279 eo
610 5223 729 5280 dieamus
748 5242 800 5282 uun
815 5230 951 5303 genitum,

164 5315 236 5386 qnod
249 5323 350 5370 mutum
361 5313 440 5369 valet.
450 5313 519 5368 Num
529 5329 592 5386 ergo
606 5315 676 5371 aliud
688 5316 801 5375 dicimus
810 5336 889 5391 quam
901 5338 954 5380 non

167 5408 267 5462 lilium?
280 5406 405 5478 Negativa
420 5421 499 5476 porro
513 5406 562 5461 ista
574 5400 704 5476 particula
717 5425 770 5465 nnn
783 5410 808 5466 id
821 5412 913 5482 ellleit,
926 5426 954 5472 ut

167 5495 241 5564 qnod
251 5497 309 5551 sine
322 5496 366 5551 illa
377 5490 486 5552 relative
498 5495 606 5559 dicitnr,
621 5497 715 5553 eadem
732 5503 872 5570 praeposita
888 5506 953 5562 sub-

167 5587 324 5642 stantialiter·
337 5588 454 5655 dicatur,
471 5588 517 5644 scd
529 5587 554 5643 id
567 5596 665 5645 tanturn
681 5600 800 5663 negatur,
812 5595 882 5665 qoud
894 5597 952 5655 sine

706 237 751 291 ιιιι
770 232 1014 299 intimatas.
1035 233 1218 294 nuubsmttt

1004 342 1048 399 illo
1062 345 1193 415 aiebatur,
1208 348 1276 404 sieut
1297 349 1324 404 ln
1346 351 1451 409 eatena
1472 350 1721 423 pradieamemia.
1738 354 1820 413 Vel!

1002 447 1063 488 enm
1075 435 1198 503 dicimus,
1209 438 1294 494 llomo
1303 446 1355 508 εει,
1365 440 1540 497 substantiam
1549 441 1755 514 designamus.
1765 442 1819 513 Qal

1003 538 1066 595 ergo
1080 525 1153 595 dicit,
1167 526 1224 584 Non
1238 528 1318 585 bomo
1334 539 1393 597 εει,
1407 546 1459 586 non
1476 529 1548 587 aliud
1563 545 1662 603 genua
1674 532 1819 603 praediea·

1002 621 1084 675 menti
1106 624 1244 689 enuntiat,
1263 623 1310 679 sed
1331 632 1431 680 matam
1451 622 1515 680 illud
1537 632 1637 696 negat.
1654 624 1742 682 Sicut
1755 640 1822 699 erga

1002 710 1146 765 secundum
1161 711 1336 768 subeuntium
1348 714 1407 780 aio,
1421 713 1508 770 llomo
1519 724 1564 771 εει
1579 730 1588 769 a
1602 714 1649 771 sle
1659 714 1822 772 semnrlum

1002 799 1175 856 substantiam
1192 819 1274 874 nego,
1287 820 1347 860 eum
1360 805 1434 870 dico,
1451 804 1510 861 Non
1522 805 1611 863 bomo
1624 815 1685 863 εει.
1702 806 1744 865 ιιι
1756 822 1822 865 enm

1002 891 1138 959 quaeritur,
1153 902 1267 962 quantus
1288 894 1338 959 sit;
1353 904 1381 950 et
1393 895 1453 961 aio,
1467 895 1701 967 Quadrupedalis
1713 905 1779 967 εει,
1794 896 1822 954 ιι

1002 985 1052 1044 εει,
1068 990 1182 1049 quatuor
1195 981 1302 1051 pedum,
1315 983 1461 1039 secundum
1473 984 1667 1054 quantitatem
1680 986 1756 1042 aio:
1774 987 1821 1059 qul

1001 1066 1075 1134 dicit,
1089 1069 1148 1124 Non
1162 1071 1367 1141 quadrupedalis
1381 1082 1440 1136 est.
1455 1073 1608 1129 seeundum
1623 1075 1822 1146 quantitatem

1001 1166 1091 1227 negat.
1106 1158 1241 1215 Candidus
1254 1170 1310 1227 est,
1327 1162 1472 1218 seeundum
1487 1163 1654 1233 qualitatem
1671 1165 1744 1220 aio:
1760 1164 1824 1222 Noa

1001 1248 1128 1305 candidus
1139 1262 1188 1317 εει,
1201 1253 1347 1307 seeundum
1360 1255 1513 1324 qualitatem
1529 1269 1614 1326 nego.
1631 1255 1825 1329 Propinquus

1001 1347 1060 1404 est,
1081 1340 1229 1396 seeundum
1253 1342 1391 1398 relativum
1405 1344 1448 1399 aio
1461 1360 1468 1396 :
1482 1343 1540 1399 Non
1554 1345 1749 1417 propinquus
1761 1355 1822 1413 εει,

1001 1430 1146 1484 secundnm
1161 1432 1298 1486 relativum
1312 1447 1388 1504 nego.
1404 1433 1558 1489 Secundum
1571 1435 1664 1490 situm
1678 1436 1744 1506 aio,
1753 1451 1821 1494 enm

1000 1518 1080 1586 dieo,
1095 1519 1190 1575 iacet:
1207 1523 1353 1577 secundnm
1368 1525 1449 1579 situm
1468 1539 1554 1596 nego,
1568 1539 1637 1581 eum
1651 1525 1745 1596 dieo,
1759 1528 1824 1585 lion

998 1608 1077 1679 jacet.
1087 1611 1238 1666 Secundum
1250 1613 1368 1668 liabitnm
1378 1616 1430 1682 aio,
1442 1631 1503 1670 eum
1516 1615 1590 1682 dieo,
1603 1619 1751 1676 Armatus
1761 1629 1824 1677 esta

1000 1700 1144 1754 seeundum
1161 1701 1277 1757 trabitnm
1294 1718 1371 1773 nego,
1385 1720 1444 1760 eom
1460 1705 1529 1771 dieo,
1541 1706 1602 1763 Non
1615 1690 1757 1766 armatus
1766 1719 1825 1767 est.

1000 1787 1176 1843 'lirratumdcm
1198 1801 1286 1847 autem
1303 1780 1373 1847 valet
1386 1794 1409 1848 ει
1423 1793 1526 1861 ιιεειιι,
1546 1795 1670 1853 lnermis
1687 1807 1749 1854 εει.
1768 1800 1825 1860 Ss-

1000 1878 1114 1932 etrttdnm
1126 1888 1229 1950 tempus
1241 1881 1293 1947 alo,
1306 1898 1367 1937 eum
1380 1883 1451 1949 dico,
1463 1883 1612 1941 llestcmus
1623 1895 1671 1942 εει
1688 1906 1698 1945 a
1713 1902 1825 1947 εεειιιι-

1000 1965 1062 2021 dum
1078 1977 1180 2037 tempus
1193 1985 1277 2039 nego,
1292 1986 1352 2026 eum
1366 1972 1445 2038 dico,
1462 1973 1520 2028 Non
1535 1973 1692 2033 hesternus
1706 1988 1767 2043 εει.
1784 1981 1825 2038 ιιι

1000 2069 1059 2109 eum
1074 2056 1145 2125 dieo,
1161 2058 1253 2113 ιιοιειε
1266 2069 1318 2127 εει,
1327 2061 1473 2117 secundum
1483 2063 1570 2119 locum
1580 2065 1648 2121 aio:
1664 2075 1699 2123 et
1712 2083 1823 2127 seeun-

999 2144 1062 2200 dum
1073 2146 1160 2202 locum
1172 2163 1249 2218 nego,
1259 2165 1318 2204 cum
1327 2149 1397 2216 dieo,
1406 2149 1464 2208 Non
1478 2152 1569 2207 llomae
1577 2163 1633 2210 est.
1642 2155 1822 2217 δεειιιιειιιιιι

1000 2237 1104 2307 idqund
1119 2238 1254 2295 estlaeere
1265 2241 1317 2304 aio,
1333 2255 1394 2298 eum
1407 2241 1593 2307 diequarte:
1609 2246 1634 2301 si
1646 2238 1753 2322 aut‘em
1769 2250 1817 2307 di-

999 2342 1067 2391 cam,
1078 2328 1233 2397 Noricacdit,
1243 2331 1388 2386 secundum
1401 2332 1504 2402 idqood
1518 2343 1559 2388 εει
1572 2333 1666 2392 lacere
1678 2353 1771 2411 nego,
1784 2350 1818 2397 tat

999 2419 1136 2473 ostendam
1146 2436 1198 2474 non
1209 2421 1258 2476 boc
1268 2421 1364 2477 faeere.
1374 2422 1407 2477 Et
1416 2437 1477 2477 cuna
1485 2423 1555 2488 dieo,
1563 2423 1696 2496 Vapulat,
1706 2444 1819 2487 seeun-

999 2509 1061 2565 dum
1073 2511 1304 2580 praedicamentum
1317 2513 1360 2567 aio
1368 2513 1437 2584 qnod
1449 2514 1501 2584 pati
1511 2522 1623 2570 vocatur
1634 2534 1641 2570 z
1653 2528 1690 2579 et,
1700 2534 1813 2576 secan·

998 2600 1061 2656 dum
1070 2603 1096 2656 id
1104 2617 1181 2672 nego,
1191 2603 1389 2668 envrrdieo,non
1398 2605 1514 2675 vapulat.
1525 2604 1683 2664 Etomnlno
1696 2609 1812 2667 nullum

999 2691 1196 2761 praedicamenti
1209 2707 1293 2762 genus
1305 2701 1355 2762 est,
1367 2693 1511 2749 secondum
1523 2694 1594 2765 quod
1604 2696 1714 2767 aliquid
1729 2700 1810 2757 aiere

998 2782 1137 2848 volumus,
1153 2782 1202 2836 nisi
1218 2792 1246 2837 nt
1258 2784 1403 2839 secundnm
1418 2784 1534 2856 idipsum
1554 2787 1808 2856 praedicamentum

999 2885 1095 2940 negare
1108 2872 1307 2942 convincamur,
1328 2875 1351 2930 si
1366 2889 1521 2944 praeponere
1540 2878 1694 2948 negativam
1712 2884 1806 2952 parti-

999 2962 1084 3018 cnlarn
1099 2964 1272 3021 voluerimus.
1283 2967 1348 3035 Quae
1362 2983 1423 3023 cnm
1438 2969 1472 3023 lta
1488 2970 1551 3036 sint,
1566 2971 1588 3026 ει
1603 2972 1805 3048 substantiali-

1000 3063 1040 3109 ter
1052 3054 1161 3119 aierem,
1175 3055 1298 3125 dicendo,
1311 3058 1408 3126 Filium
1424 3059 1633 3119 substantialiter
1647 3079 1799 3138 negarem,

998 3142 1122 3208 dicendo,
1137 3143 1196 3199 tlon
1209 3145 1302 3201 Filius.
1317 3146 1384 3214 Quia
1399 3163 1463 3204 vero
1477 3150 1587 3208 relative
1600 3152 1659 3221 alo,
1674 3169 1742 3213 eum
1752 3157 1800 3215 di·

999 3247 1041 3300 en,
1057 3234 1140 3290 Filius
1151 3242 1206 3301 est;
1220 3236 1253 3292 ad
1267 3248 1369 3307 patrem
1383 3239 1454 3295 enim
1467 3239 1574 3298 resera:
1588 3243 1702 3303 relative
1712 3263 1800 3321 trega,

999 3325 1021 3379 si
1036 3322 1133 3392 dicam,
1147 3325 1205 3380 Non
1226 3325 1296 3382 titius
1307 3336 1367 3397 eat;
1381 3328 1415 3384 ad
1432 3339 1569 3400 parentem
1581 3334 1653 3389 enim
1668 3338 1800 3396 eamdem

999 3414 1166 3485 negationem
1179 3416 1282 3485 celero,
1294 3418 1388 3476 volens
1401 3422 1627 3495 ostenderequod
1646 3426 1672 3481 ei
1694 3442 1801 3498 patens
1829 3458 1833 3463 ·

1000 3519 1052 3559 non
1067 3505 1110 3559 sit.
1123 3506 1158 3559 ιιι
1171 3505 1194 3561 si
1207 3516 1335 3577 quantum
1349 3509 1419 3566 valet
1432 3511 1504 3581 qued
1517 3512 1614 3571 dieitur
1628 3504 1712 3583 illins,
1729 3526 1796 3574 tan-

1000 3594 1117 3651 tumdem
1132 3595 1202 3650 valet
1219 3597 1289 3667 quud
1309 3598 1407 3655 dicitur
1424 3601 1540 3671 genitas,
1561 3601 1631 3660 sieut
1649 3608 1798 3676 praelocuti

1000 3700 1108 3752 sumus;
1137 3687 1300 3743 tantumdem
1332 3704 1396 3762 ergo
1422 3692 1493 3747 valet
1514 3694 1586 3763 quod
1615 3694 1714 3753 dicitnr
1738 3714 1797 3757 non

1000 3773 1119 3844 genitus,
1135 3783 1261 3844 quantum
1276 3777 1347 3834 valet
1367 3776 1439 3848 quod
1458 3780 1554 3836 dieitur
1567 3797 1622 3839 nun
1635 3783 1719 3840 blius.
1734 3787 1796 3844 Re·

1001 3862 1080 3918 lative
1101 3872 1190 3919 autern
1209 3880 1336 3936 negamus
1354 3866 1485 3950 dicendo,
1501 3869 1560 3927 Non
1575 3872 1662 3930 filius:
1675 3875 1796 3935 relativo

1000 3956 1080 4028 igitur
1092 3970 1220 4026 negamus
1233 3957 1356 4023 dicendo,
1366 3960 1422 4015 Non
1436 3961 1550 4032 genitus.
1564 3963 1700 4034 lngenitus
1711 3980 1798 4038 porro

1001 4044 1064 4116 quid
1078 4053 1132 4113 est,
1148 4046 1198 4101 nisi
1212 4062 1264 4102 non
1278 4049 1403 4118 genitus?
1414 4050 1471 4106 Nun
1485 4066 1550 4122 ergo
1563 4054 1697 4112 receditur
1716 4072 1793 4115 are-

1001 4134 1081 4190 lativo
1089 4134 1302 4206 praedicamento,
1312 4154 1371 4194 cnm
1381 4139 1625 4211 ingenitusdicitur.
1632 4142 1708 4201 Sient
1717 4149 1793 4205 enim

1001 4225 1105 4296 genitus
1120 4240 1172 4280 non
1187 4226 1220 4281 ad
1234 4241 1263 4283 se
1277 4227 1363 4297 ipsum
1377 4228 1484 4298 dicitur,
1500 4231 1547 4286 εει
1567 4233 1638 4304 qued
1659 4249 1693 4291 ex
1714 4227 1798 4308 gerti-

1002 4324 1060 4371 tore
1074 4315 1108 4369 sit
1122 4333 1129 4369 :
1143 4315 1178 4369 ita
1192 4330 1252 4372 cum
1266 4315 1363 4372 dieitur
1374 4318 1524 4389 ingenitus,
1541 4321 1637 4387 nonad
1654 4338 1685 4380 se
1703 4311 1796 4396 ipsum

1003 4406 1108 4472 dieitur,
1124 4406 1171 4462 sed
1184 4407 1254 4477 quod
1268 4422 1299 4464 ex
1315 4409 1434 4479 genitore
1455 4425 1509 4465 non
1531 4413 1567 4468 ait
1587 4413 1749 4472 ostenditur.
1764 4418 1797 4476 ln

1003 4495 1096 4551 eodem
1111 4503 1198 4550 tamen
1213 4496 1437 4567 praedicamento,
1459 4500 1530 4571 qued
1546 4502 1694 4560 llelatlrum
1708 4520 1796 4564 roca·

1004 4596 1057 4655 tur,
1072 4572 1182 4657 utraque
1196 4587 1354 4660 significatio
1365 4591 1478 4646 vertitur
1491 4608 1498 4645 ι
1513 4593 1585 4664 quod
1604 4603 1702 4669 anum,
1718 4600 1794 4655 rela-

1004 4677 1058 4732 tlve
1086 4678 1290 4747 pronuntiatur,
1323 4694 1376 4734 non
1404 4679 1503 4736 indicat
1527 4683 1733 4741 substantiam:
1759 4689 1798 4745 ita

1004 4767 1125 4837 quamvls
1138 4767 1273 4823 diversum
1287 4767 1322 4823 sit
1335 4769 1439 4840 genitus
1451 4779 1479 4827 et
1491 4771 1641 4843 ingenitus,
1655 4790 1710 4832 non
1721 4777 1796 4835 indi-

1005 4869 1049 4915 cat
1060 4858 1191 4914 diversam
1203 4859 1376 4916 substantiam
1387 4863 1464 4934 aquia
1473 4863 1542 4919 sieut
1552 4865 1622 4922 illitu
1631 4866 1665 4923 ad
1675 4853 1795 4940 patrem,

1005 4957 1033 5004 et
1045 4963 1097 5002 non
1113 4948 1183 5004 filius
1195 4949 1227 5004 ad
1242 4964 1294 5005 non
1314 4959 1418 5022 patrem
1436 4943 1564 5021 refertum
1587 4955 1624 5010 ita
1642 4958 1750 5028 genitus
1762 4961 1798 5018 ad

1005 5038 1166 5109 genitorem,
1181 5048 1209 5094 et
1223 5053 1276 5095 non
1294 5041 1399 5112 genitus
1412 5041 1445 5099 ad
1461 5058 1518 5100 nun
1530 5044 1678 5116 genitorem
1694 5048 1799 5108 aelera-

1007 5139 1050 5185 tur
1062 5144 1171 5184 neeesse
1183 5137 1233 5185 εει.

1041 5217 1154 5274 CAPUT
1169 5219 1280 5276 itit-
1292 5220 1319 5278 9.
1335 5222 1464 5294 Quidquid
1475 5224 1671 5284 rubvtoatiaiiter
1688 5231 1722 5286 ds
1740 5231 1800 5291 Ber

1007 5310 1106 5378 dieitur,
1119 5309 1150 5364 de
1157 5310 1264 5382 singulis
1274 5314 1387 5381 personia
1398 5313 1561 5385 ainqularitrr
1570 5324 1595 5372 et
1606 5317 1685 5375 ειειιιι
1696 5319 1730 5376 ιι
1740 5320 1801 5394 ipre

1007 5399 1130 5456 Triuitote
1141 5401 1242 5456 dicitur.
1255 5399 1289 5456 ln
1303 5400 1357 5457 Dea
1369 5420 1420 5458 uae
1432 5405 1554 5473 essentia,
1568 5415 1618 5463 tres
1632 5406 1730 5485 Grecis
1750 5413 1801 5487 bp-

1008 5501 1135 5562 portorea,
1151 5489 1249 5546 Latinis
1260 5499 1310 5546 tres
1323 5508 1445 5561 perrone.
1465 5494 1632 5569 Quapropter
1646 5499 1712 5559 titud
1725 5519 1801 5574 praa·

1008 5581 1084 5652 cipue
1093 5590 1239 5650 teneamus,
1250 5581 1376 5653 quidquid
1387 5583 1419 5640 ad
1428 5584 1565 5644 sedicitur
1573 5592 1796 5659 praestantissima
