3938 6360
615 233 749 292 CONTRA
770 225 1223 295 isd5ibui1.iniuiimiiii,s.
1244 224 1427 285 cudbsririi

700 438 936 549 LIBER
965 435 1338 546 Decimus,

912 624 1140 638 m

248 723 361 781 curbi
379 719 520 778 Pitilitiii.
535 747 571 761 -
585 718 707 774 Trusrus
720 717 789 774 dixit
805 735 812 773 ε
828 715 944 773 Cernen
959 732 1004 773 ac·
1058 717 1178 788 enodem
1192 716 1336 790 Scripturas
1349 726 1472 774 venerata
1484 727 1564 790 atque
1575 728 1680 777 serrata
1691 719 1853 779 auctoritate

212 816 280 889 cipis
294 814 492 870 Testamentum
514 809 617 866 Vetusi
634 809 702 877 Quia
721 817 748 864 et
768 808 874 880 abipso
893 808 955 874 boe,
977 816 1006 864 et
1057 807 1264 878 respondemus.
1279 807 1331 864 ilos
1349 808 1412 879 qnid
1427 809 1612 880 respondetis,
1626 825 1687 867 eum
1698 810 1777 867 robis
1788 810 1852 867 dici·

212 923 247 964 ea
268 905 342 962 Neue
363 903 522 969 didicimus,
545 900 630 955 aliena
649 913 702 954 non
722 906 920 969 concupiscere.
935 897 1004 966 Quid
1059 905 1101 953 tur
1115 915 1122 949 ι
1137 898 1225 966 Quare
1247 900 1342 954 tenetis
1361 900 1529 971 euangelicos
1543 900 1658 970 Libms,
1673 916 1787 973 quorum
1801 917 1853 960 roa

212 1004 322 1061 summ,
348 994 454 1064 inquis,
481 992 598 1048 alienum
624 991 704 1045 babet
727 989 925 1044 Testamentum
953 987 1005 1043 i'e·
1057 989 1090 1046 ad
1111 988 1283 1060 decipiendos
1305 991 1443 1062 imperitos
1461 992 1612 1062 contingitis
1632 1004 1799 1062 sectatmen
1822 1004 1852 1053 et

213 1086 277 1142 tusi
297 1084 354 1140 imo
367 1083 438 1155 qnid·
450 1082 530 1138 babet
542 1095 595 1136 non
612 1079 752 1136 alienumi
772 1078 882 1135 Diuitias
896 1078 1006 1149 promit·
1058 1095 1117 1151 quae
1133 1080 1168 1136 ibi
1184 1081 1283 1152 scripta
1296 1090 1379 1150 sunt,
1400 1098 1453 1138 nnn
1476 1083 1564 1139 solum
1584 1099 1637 1141 non
1659 1086 1787 1154 creditis,
1802 1086 1852 1144 ted

213 1178 255 1245 tlt,
267 1185 295 1234 et
310 1176 412 1232 veniris
423 1174 598 1237 saturitatem,
614 1179 641 1228 et
654 1171 723 1227 idios
735 1179 762 1226 et
774 1179 895 1241 nepotes,
911 1170 1005 1224 iiiam·
1057 1173 1137 1227 etiam
1161 1171 1268 1243 quantis
1300 1173 1409 1243 potestis
1441 1174 1542 1230 viribus
1572 1175 1751 1248 oppugnatis?
1771 1176 1853 1234 Certo

213 1285 266 1343 que
286 1269 390 1340 longam
401 1264 419 1335 ,'
431 1276 458 1322 et
476 1280 537 1323 cum
552 1263 594 1320 bis
606 1261 790 1321 chananitidis
806 1276 917 1332 reguum
934 1277 941 1312 ι
958 1258 1005 1315 sed
1058 1259 1155 1317 rideris
1168 1277 1217 1318 uos
1229 1262 1317 1334 potius
1331 1262 1366 1319 de
1378 1262 1453 1319 Novo
1467 1263 1650 1333 Testamento,
1662 1280 1744 1338 qnam
1754 1280 1805 1324 nos
1815 1265 1852 1324 de

210 1363 303 1419 omnia
317 1362 375 1418 bec
388 1358 553 1417 circumcisis
571 1365 598 1412 et
612 1355 819 1412 obseruantibus
831 1354 957 1419 sabbata,
979 1361 1007 1409 ct
1061 1354 1157 1411 Vetere
1171 1355 1285 1427 obiectis
1307 1356 1470 1427 respondere
1488 1372 1542 1413 non
1563 1356 1655 1429 posse.
1670 1356 1765 1416 Omnia
1778 1359 1852 1416 enim

214 1454 414 1512 immolantibus
426 1452 489 1520 sibi,
507 1459 533 1507 et
545 1448 766 1505 abstinentibusa
781 1446 902 1517 porcina,
917 1453 944 1500 et
958 1444 1004 1498 bn·
1059 1460 1119 1511 quae
1133 1446 1159 1500 iu
1171 1445 1268 1503 Vetere
1283 1447 1383 1518 scripta
1395 1456 1467 1515 suut,
1480 1462 1529 1504 nos
1539 1457 1564 1505 et
1579 1463 1641 1506 iera
1653 1465 1714 1506 esse
1725 1448 1852 1519 dicimus,

212 1545 331 1619 jusmodi
344 1543 448 1601 crateris
463 1561 471 1599 r
486 1557 546 1614 anc
560 1541 621 1613 quia
636 1556 686 1612 egn
699 1539 819 1610 negligo,
831 1547 858 1593 et
874 1536 1006 1593 Christia-

215 1654 267 1694 nus
287 1632 392 1702 omnis,
412 1642 442 1690 ιιι
458 1633 547 1704 inepta
566 1631 685 1699 scilieet,
705 1639 734 1687 ct
750 1629 907 1684 adsalutem
925 1627 1006 1682 animi

144 1742 146 1747 ·
215 1730 326 1785 minime
336 1726 506 1799 pertinentia,
520 1725 621 1780 idcireo
634 1737 683 1779 nec
694 1736 753 1793 qum
766 1719 906 1791 procudit,
917 1717 948 1773 ad
963 1733 1007 1774 rue

215 1819 270 1891 jam
287 1827 409 1889 spectare
429 1829 563 1886 cognosco
579 1831 587 1871 r
601 1827 755 1882 memorque
772 1811 833 1881 quia
848 1811 883 1865 sit
897 1806 1007 1863 manda·

218 1919 286 1977 tum,
299 1909 360 1966 Neu
373 1909 534 1980 concupisces
544 1906 629 1963 aliena
641 1903 736 1977 (Erod.
749 1919 797 1970 xx,
809 1902 860 1968 ii;
873 1901 948 1956 dorii.
961 1915 1005 1966 vn,

216 2001 245 2074 i)
259 2042 268 2069 ,
282 2000 381 2057 induis
399 2001 467 2054 bona
483 2012 531 2054 sna
544 1996 662 2062 babere,
683 1994 769 2050 libens
783 1993 930 2062 nolensque
948 2006 1008 2061 pcr-

216 2090 288 2160 misi,
302 2091 360 2146 solo
374 2090 476 2145 scilicet
491 2086 636 2158 Evangelio
648 2095 676 2142 ei
689 2083 764 2155 regni
777 2082 905 2139 coelnruni
919 2081 1009 2152 splen-

143 2163 147 2172 *
217 2181 278 2238 dida
300 2180 456 2238 inmeditate
474 2188 625 2235 contentus.
647 2176 713 2234 Nam
733 2188 760 2232 ut
781 2175 893 2240 induco,
915 2176 938 2230 si
957 2174 1007 2231 sibi

216 2272 390 2344 Trangeiium
416 2280 573 2342 usurparet,
596 2270 657 2342 jure
682 2270 846 2338 increpitans
872 2268 1007 2336 dicerem,

216 2363 357 2436 lnrprobe,
373 2363 435 2434 quid
450 2363 497 2417 tibi
514 2378 575 2419 enin
588 2377 621 2417 eo
635 2368 695 2428 est,
713 2360 788 2431 eujus
803 2371 934 2430 praecepta
955 2375 1008 2414 nnn

217 2454 329 2512 serras?
341 2454 381 2509 sic
394 2468 489 2509 uereor
502 2467 536 2509 ne
556 2451 620 2507 mibi
641 2451 735 2506 cadem
760 2449 868 2505 iudeus
898 2449 1011 2519 increpi-

220 2555 268 2612 tet,
283 2545 384 2600 tenenti
395 2544 595 2601 Testamentum
612 2541 706 2608 Vetus,
718 2541 794 2612 cujus
809 2539 932 2597 mandata
944 2555 1010 2596 eon·

219 2645 349 2693 lemnam.
573 2640 575 2644 ’

254 2726 367 2783 CAPUT
387 2724 418 2782 ii.
432 2755 470 2767 -·
483 2726 649 2782 ducusmnus
659 2723 795 2796 respondit
808 2744 815 2784 ι
829 2723 927 2779 Eadem
939 2737 1011 2794 sepe

220 2831 287 2872 rana
302 2825 422 2886 repetere
440 2815 519 2871 istum
538 2829 590 2870 non
614 2816 714 2886 pudet,
737 2814 783 2870 sed
804 2813 897 2870 cadem
918 2828 1010 2882 saepe,

220 2907 341 2978 quamvis
355 2922 436 2974 iera,
451 2905 613 2976 respondere
633 2921 676 2962 me
689 2907 768 2977 piget.
784 2905 908 2976 Quisquis
923 2905 1012 2974 itaque

220 3004 301 3055 etlam
318 2999 446 3054 aduersus
462 3000 511 3053 ista
524 2999 726 3069 responsionem
739 2998 844 3068 ancrit,
859 3011 918 3066 qum
931 3010 1013 3065 supe·

220 3090 302 3146 riusa
317 3089 393 3144 nobis
403 3089 474 3144 dicta
487 3096 559 3155 sunt,
572 3088 641 3160 legat
657 3087 725 3160 (dii.
739 3088 773 3152 6,
787 3104 845 3158 cup.
860 3087 898 3160 9).
919 3086 1012 3143 induro

221 3190 309 3238 autern
328 3181 426 3237 dicenti
440 3180 520 3246 uribi,
534 3179 589 3236 Cur
604 3190 679 3237 leues
692 3180 774 3236 Vetus
789 3180 1011 3248 Testamentum,

220 3272 296 3343 cujus
319 3281 451 3343 praccepta
475 3288 530 3328 non
552 3272 662 3328 serras?
686 3272 846 3342 respondeo,
871 3272 1012 3328 seruaria

219 3362 379 3420 Christianis
393 3364 473 3420 etiam
485 3379 518 3420 ex
534 3363 599 3435 ipsis
612 3363 700 3420 Libris
714 3371 847 3435 precepta
861 3366 922 3420 uitae
935 3380 1013 3437 agen·

221 3454 281 3520 dre;
297 3465 430 3528 praecepta
445 3471 509 3512 vero
522 3457 584 3512 rite
599 3456 779 3527 signillcandac
799 3467 861 3513 tnnc
880 3467 952 3513 recte
969 3459 1014 3515 ob·

221 3536 337 3615 servata,
351 3563 412 3603 eum
429 3549 676 3619 praenuntiabantur
695 3549 755 3615 ista,
775 3564 835 3620 qum
855 3565 926 3606 nnuc
939 3567 1013 3607 reic-

223 3638 276 3694 laia
290 3650 361 3693 snut.
381 3641 548 3709 Quapropter
562 3641 642 3694 etiam
655 3639 713 3709 ipsa
726 3641 765 3695 sic
778 3656 830 3695 nnn
846 3640 962 3697 obsecro
980 3641 1013 3698 ad

223 3730 400 3802 religionem,
424 3740 454 3786 ιιι
480 3739 585 3785 teneam
607 3738 694 3785 tanuen
719 3730 752 3786 aul
779 3731 1012 3788 testificationem:

224 3822 294 3879 sient
305 3831 332 3878 et
347 3822 476 3892 promissa
491 3822 617 3889 carnalia,
631 3837 691 3892 qum
703 3822 738 3878 ibi
749 3824 928 3892 consilientur,
943 3826 1015 3880 unde

224 3915 333 3984 proprie
353 3913 435 3970 Vetus
453 3913 551 3970 dieitur
571 3913 781 3969 Tesiamentum.
797 3914 924 3982 Quamvis
942 3915 1013 3970 enirn

223 4005 291 4062 mibi
308 4016 409 4062 {eterna
432 4006 563 4078 spemnda
584 4006 701 4062 revelata
726 4006 793 4072 siut;
813 4015 841 4062 ei
860 4007 902 4062 illa
925 4015 1013 4063 tamen

223 4100 375 4154 attestantia
387 4099 458 4170 lege,
473 4113 533 4169 ane
544 4099 572 4152 in
585 4099 668 4170 ligure
681 4097 856 4169 contingebant
869 4097 920 4154 ittir
931 4115 941 4165 ,·
952 4100 1016 4154 rcri-

224 4197 268 4261 pto
282 4198 341 4244 mur
360 4198 443 4244 autem
460 4197 562 4260 propter
582 4205 644 4256 nor,
662 4189 689 4242 iu
707 4205 770 4260 quor
787 4189 845 4258 finis
865 4189 1015 4244 soeculorum

222 4280 319 4336 nicenii
336 4280 358 4352 (l
372 4279 431 4337 Gor.
446 4297 475 4347 x,
491 4280 545 4351 ti).
560 4279 650 4351 ltaque
667 4280 689 4335 si
706 4268 817 4335 audistis
829 4280 892 4350 quid
906 4296 1017 4352 respon·

222 4369 335 4426 deamus
356 4371 472 4438 iudicis,
495 4370 586 4428 audite
615 4378 642 4426 et
667 4369 731 4442 qnid
757 4370 914 4441 objiciamus
936 4372 1016 4429 biani-

221 4459 315 4515 citeris.

257 4545 372 4603 CAPUT
386 4546 550 4605 lli—Certe
556 4550 750 4618 Faustusilirit,
759 4552 858 4610 turbari
865 4568 914 4608 nus
926 4569 1015 4627 pesse,

223 4638 246 4693 si
261 4637 340 4692 uobis
353 4637 438 4694 indui
459 4638 594 4696 dixerint:
609 4641 697 4709 Quare
717 4643 813 4699 tenetis
830 4643 914 4700 Vetus
928 4645 1018 4702 Testa·

203 4802 209 4812 ἱ
224 4735 354 4792 mentum,
365 4727 441 4796 errius
452 4737 582 4799 precepta
595 4746 647 4784 nen
659 4731 826 4789 observatisl
839 4733 941 4801 Quibus
954 4742 1015 4803 nos,

230 4885 947 4902 *ι’-*Ἣ

1059 1544 1087 1592 et
1099 1536 1228 1592 diuinitus
1241 1537 1364 1594 mandata
1377 1580 1384 1604 ,
1400 1547 1427 1595 ei
1440 1539 1566 1611 congruis
1581 1541 1745 1612 temporibus
1758 1541 1853 1598 distri-

1059 1625 1131 1680 buta.
1146 1625 1201 1683 Vos
1215 1636 1306 1684 autem
1318 1643 1379 1684 eum
1398 1628 1476 1686 robis
1493 1629 1597 1701 objecta
1618 1630 1738 1700 inerint,
1751 1648 1811 1703 qum
1825 1633 1854 1690 iu

1060 1717 1134 1773 libris
1148 1717 1215 1774 Nori
1228 1717 1393 1776 Testamenti
1406 1721 1504 1792 scripta
1517 1731 1597 1788 sunt,
1617 1736 1669 1779 nec
1685 1724 1855 1794 accipiuntur

1062 1810 1186 1878 arobis,
1210 1810 1365 1869 delicientes
1388 1814 1415 1868 iu
1437 1813 1641 1885 respondendo,
1664 1824 1692 1872 et
1712 1814 1854 1873 manileeta

1035 1910 1041 1923 ·
1062 1901 1175 1956 ueritate
1190 1900 1309 1957 lancibus
1322 1903 1441 1973 pressis,
1455 1902 1575 1960 anhelitu
1588 1904 1680 1963 saucio
1692 1903 1781 1961 dicitis
1792 1919 1855 1962 esse

1061 1990 1162 2047 laisein.
1177 1992 1245 2060 Quid
1266 1992 1338 2049 alind
1359 2002 1467 2064 possent
1489 1994 1626 2067 exspirare
1645 1994 1787 2066 praelocata
1801 2009 1849 2051 era

1061 2081 1215 2138 luliaeinni‘l
1228 2083 1269 2140 rel
1286 2084 1375 2154 potius
1386 2085 1449 2155 qnid
1463 2084 1536 2140 aliud
1556 2094 1666 2156 possent
1681 2094 1774 2157 putere
1786 2099 1854 2141 cen-

1062 2172 1133 2229 lnssa
1154 2173 1283 2231 cadauera
1306 2174 1495 2230 mortuorum?
1518 2175 1550 2231 Et
1563 2183 1651 2232 tamen
1662 2175 1801 2233 coufessus
1813 2184 1856 2233 est
1916 2165 1922 2169 ’

1062 2264 1195 2331 Tausius,
1210 2282 1262 2323 non
1276 2267 1466 2338 concupiscere
1478 2269 1587 2337 aliena,
1606 2284 1661 2325 uon
1675 2269 1762 2326 selum
1777 2283 1808 2326 se
1820 2284 1855 2326 ex

1062 2355 1338 2426 NouoTesiamento,
1361 2358 1408 2414 sed
1430 2359 1509 2414 eiiam
1531 2358 1680 2416 existere
1704 2357 1856 2417 didicisse:

1061 2447 1132 2517 quod
1145 2456 1245 2503 certon
1262 2462 1311 2503 suo
1324 2449 1377 2503 ben
1388 2465 1441 2505 nen
1454 2457 1546 2520 posset
1556 2448 1672 2507 discere.
1686 2449 1733 2507 ille
1744 2450 1854 2522 qnippe,

1063 2538 1086 2592 si
1103 2554 1155 2592 uun
1170 2538 1320 2609 concupiuit
1332 2539 1464 2606 alienum,
1478 2555 1561 2612 quare
1575 2550 1766 2612 superterram
1779 2551 1857 2599 teue-

1063 2627 1194 2695 brarmn,
1215 2629 1260 2684 ubi
1283 2646 1417 2701 nunquam
1440 2634 1565 2700 iuernrn,
1586 2648 1656 2691 nova
1674 2634 1771 2690 secula
1790 2648 1856 2690 eon·

1062 2721 1179 2776 struxit?
1192 2722 1233 2776 dn
1245 2721 1366 2778 dicturus
1375 2732 1416 2780 est
1428 2742 1435 2778 ε
1451 2724 1526 2780 Prior
1538 2724 1595 2795 ipsa
1604 2740 1672 2797 gens
1684 2724 1855 2781 tenebmrum

1063 2828 1176 2883 regnum
1191 2829 1281 2870 meum
1294 2815 1456 2886 concupivit,
1469 2814 1539 2887 quod
1552 2817 1586 2873 ab
1596 2816 1640 2873 iila
1652 2825 1710 2874 erat
1721 2817 1857 2873 alienumt

1063 2905 1133 2976 lirgn
1148 2906 1264 2961 imitatus
1275 2915 1316 2962 est
1328 2916 1435 2978 gentem
1448 2909 1629 2978 tenebrarum,
1640 2918 1669 2965 ut
1679 2917 1707 2966 et
1719 2910 1776 2981 ipse
1788 2925 1856 2966 con·

1064 2995 1215 3065 cupisccret
1228 2997 1336 3052 aliena?
1349 2999 1390 3055 bn
1401 3010 1545 3070 angustum
1558 3007 1637 3056 ιιιιιιι
1649 2999 1735 3057 luerat
1745 3016 1856 3072 regnum

1064 3087 1154 3143 lucis?
1168 3088 1318 3159 Optandum
1333 3090 1413 3162 igitur
1425 3099 1483 3148 erat
1502 3091 1620 3161 bellum,
1635 3101 1664 3148 ut
1675 3093 1858 3164 acquireretur

1064 3180 1098 3236 de
1113 3182 1224 3237 victoria
1238 3181 1350 3238 latitudo
1366 3183 1505 3254 regnandi.
1521 3183 1597 3252 Quod
1610 3183 1744 3241 sibonum
1756 3192 1814 3252 est,
1829 3193 1858 3241 et

1064 3282 1127 3329 ante
1150 3272 1236 3344 potnit
1256 3274 1409 3345 concupisci
1426 3292 1433 3329 :
1450 3274 1498 3330 scd
1519 3275 1723 3346 exspectabatur
1744 3285 1773 3331 ui
1790 3290 1857 3346 gens

1066 3361 1171 3421 bostiiis
1183 3364 1209 3420 in
1223 3364 1321 3421 bellum
1336 3366 1410 3436 prior
1421 3376 1588 3437 erumperet,
1604 3382 1658 3439 qno
1671 3367 1747 3439 quasi
1758 3365 1858 3438 justius
1951 3358 1958 3369 ‘

1065 3466 1273 3529 expugnaretur.
1288 3457 1316 3513 si
1337 3467 1426 3515 autern
1443 3472 1496 3514 non
1509 3467 1551 3515 est
1565 3459 1685 3528 bonnm,
1704 3473 1787 3531 quare
1804 3458 1857 3513 ini·

1065 3548 1136 3603 mico
1153 3549 1243 3616 ιῑοιο,
1268 3562 1349 3619 anper
1371 3549 1485 3605 alienam
1508 3557 1606 3605 terrain
1631 3563 1753 3606 crescere
1774 3548 1859 3604 voluit

1066 3654 1176 3709 regnum
1187 3653 1275 3704 suum,
1287 3654 1348 3695 cnm
1360 3639 1433 3710 prius
1443 3648 1585 3696 centenius
1595 3638 1651 3695 suis
1663 3639 1769 3707 linibus,
1780 3638 1858 3710 plena

1067 3728 1190 3785 ieiiciiate
1211 3729 1343 3786 visisset?
1366 3730 1420 3787 Sed
1442 3732 1542 3786 utinam
1567 3746 1629 3788 rere
1650 3731 1695 3787 isti
1720 3730 1777 3787 berc
1801 3729 1859 3802 ipsa

1066 3827 1198 3890 precepta
1214 3820 1275 3875 vitm
1290 3821 1410 3892 agendm,
1427 3835 1541 3892 qnorum
1553 3829 1597 3878 est
1609 3836 1700 3886 unum,
1714 3836 1748 3879 ne
1759 3836 1860 3876 concu-

1068 3910 1201 3979 piscamus
1216 3911 1352 3981 alienum,
1366 3914 1465 3971 uellent
1484 3928 1518 3969 er
1537 3913 1589 3969 iliis
1610 3912 1717 3969 Litteris
1729 3912 1832 3967 discere
1847 3929 1857 3966 r

1066 4002 1187 4075 prolecto
1200 4012 1438 4073 mansuescerent,
1455 4014 1482 4061 ct
1495 4005 1574 4062 miics
1587 4005 1763 4077 intelligerent
1776 4002 1857 4059 ctiam

1068 4094 1112 4149 illa
1128 4103 1262 4164 precepta
1276 4095 1337 4151 uitoe
1351 4096 1548 4168 signiiicandoe,
1561 4097 1655 4167 quibus
1672 4108 1765 4150 eoruin
1780 4092 1858 4147 obla·

1069 4193 1121 4239 irat
1143 4184 1277 4251 eliensis,
1299 4195 1327 4242 et
1349 4186 1386 4242 iili
1404 4197 1468 4243 tunc
1483 4188 1596 4259 temperi
1611 4184 1774 4244 observanda
1793 4199 1860 4241 ceu·

1067 4276 1182 4348 gruisse.
1205 4278 1260 4335 Nes
1284 4289 1373 4336 antem
1400 4282 1535 4352 ‹quomodo
1558 4281 1638 4338 Vetus
1659 4281 1859 4338 Testamentum

1070 4377 1195 4439 tanquam
1217 4368 1334 4425 alienum
1357 4371 1589 4441 concupiscimus,
1612 4384 1673 4426 cum
1691 4386 1723 4427 ea
1742 4371 1860 4440 ingaunis

1068 4475 1128 4531 qum
1149 4461 1176 4515 iu
1200 4461 1284 4534 figure
1300 4464 1476 4535 continqeiiuui
1501 4463 1573 4530 itii„
1590 4463 1759 4535 scripturiret
1776 4471 1861 4516 notem

1069 4561 1171 4624 propter
1185 4570 1246 4621 rior,
1263 4554 1290 4608 in
1309 4570 1372 4624 quer
1392 4556 1452 4625 piria
1475 4554 1625 4610 seculorum
1648 4553 1768 4609 oboenitl
1792 4552 1861 4608 Puto

1068 4645 1139 4720 qnod
1161 4661 1215 4703 non
1237 4648 1401 4718 concupiscit
1421 4647 1553 4714 alienum,
1577 4645 1623 4717 qui
1642 4645 1694 4702 boe
1712 4644 1777 4717 legit
1790 4643 1862 4716 quod

1069 4739 1197 4811 scriptum
1211 4750 1252 4797 est
1264 4748 1373 4812 propter
1386 4739 1483 4810 ipsum.

585 4990 588 4995 ’
666 4985 905 5092 LIBER
936 4986 1416 5099 isNDboiniisS.

921 5167 1158 5189 m·-

259 5274 374 5332 curtis
388 5273 565 5331 Puluillu-
574 5275 696 5333 Tnusrus
709 5277 775 5333 dixit
786 5278 957 5348 :Apostolum
972 5294 1018 5335 ac·
1072 5278 1185 5338 lioniine
1198 5288 1293 5338 uestro
1307 5279 1432 5338 babuisse
1450 5280 1620 5337 senientiam.
1642 5280 1697 5338 Sed
1717 5281 1779 5353 quia
1792 5277 1868 5337 robis

223 5367 309 5443 cipis!
323 5366 358 5424 Ει
370 5366 560 5423 maximeiinr
572 5383 700 5440 ergeuen
712 5369 800 5428 credis
812 5369 910 5427 Filium
925 5369 971 5426 bei
985 5385 1019 5427 ex
1071 5373 1106 5429 ita
1122 5374 1218 5445 piacet,
1232 5373 1277 5445 qui
1288 5386 1424 5445 nunquam
1438 5372 1498 5430 sine
1509 5372 1648 5429 stomacho
1661 5372 1759 5429 auditis
1768 5369 1867 5443 aliquid

227 5461 330 5517 modus
340 5459 423 5516 David
438 5469 528 5515 natum
545 5461 691 5517 secundum
704 5477 812 5520 carnem
828 5465 916 5536 (Rom.
930 5477 956 5529 r,
969 5463 1019 5535 dil
1071 5479 1133 5522 esse
1145 5466 1173 5522 in
1187 5464 1317 5537 Apostolo
1329 5474 1527 5535 cairponotum,
1546 5479 1582 5520 nc
1600 5463 1652 5521 boe
1669 5463 1777 5535 quidem
1791 5460 1869 5520 nobis

225 5550 285 5608 lion
308 5549 431 5624 equidem
452 5549 611 5608 crediderim
634 5553 792 5624 Apostolum
815 5553 861 5610 bei
886 5552 1020 5610 centraria
1071 5555 1162 5611 sciatis
1175 5570 1235 5613 esse
1248 5555 1411 5613 cordarium
1445 5554 1474 5612 Si
1493 5553 1601 5627 quidun
1619 5553 1765 5612 baecvetns
1779 5551 1869 5608 rideo·

227 5642 279 5702 ribi
292 5646 408 5703 scribere
423 5643 556 5717 potuisse,
571 5651 599 5701 et
611 5645 691 5703 modo
704 5647 788 5719 lianc,
803 5646 885 5708 modo
900 5646 972 5725 illam
985 5644 1021 5706 de
1074 5655 1116 5703 tur
1129 5660 1190 5705 esse
1202 5655 1229 5705 ei
1244 5646 1353 5721 antiqua
1365 5644 1455 5719 opinio
1467 5646 1543 5705 Pauli
1556 5645 1590 5704 de
1601 5644 1681 5717 iesu,
1695 5660 1756 5705 eum
1768 5658 1830 5703 euin
1841 5650 1871 5702 ιι
