3938 6360
102 403 257 463 excellentia
272 399 405 459 canonicae
419 398 586 455 auctoritatis
597 398 702 454 Veteris
714 406 741 453 et
755 397 820 454 llari
836 396 890 454 Te-

103 496 237 562 stamenti,
260 509 320 564 quar
341 491 528 564 Apostolorum
551 490 706 547 corrllrmata
729 490 892 562 temporibus

103 585 345 658 persucccssieues
362 585 547 655 episcopomm
568 593 596 638 et
613 583 816 653 propagationes
838 581 891 636 Ec·

103 678 254 743 etesiarum,
269 687 392 746 tanquam
407 675 512 731 insede
528 674 642 745 quadam
660 674 808 729 sutriimiter
825 687 892 728 con·

104 771 253 834 stitutaest,
264 768 417 824 cuiserriat
428 767 517 822 omnis
528 766 719 834 ddelisetpius
730 764 891 819 intellectas.

103 862 140 921 ibi
153 861 251 931 siquid
265 861 335 916 velut
348 858 492 916 absurdum
506 858 632 923 mouerit,
647 872 699 912 non
715 858 777 911 licet
789 856 889 923 dicere,

103 955 203 1008 ductor
215 952 293 1022 liujus
304 951 363 1006 libri
377 966 429 1005 rroa
444 952 528 1006 tenuit
542 951 679 1004 ueritatem
692 966 699 1002 ι
711 948 768 1012 sed,
783 958 827 1003 aut
843 962 891 1003 ee·

104 1043 152 1100 ties
172 1044 316 1100 mendosas
336 1053 387 1111 est,
407 1050 454 1098 aut
473 1043 603 1113 interpres
614 1042 724 1109 erravit,
739 1051 785 1096 aut
798 1050 825 1096 ta
839 1056 892 1096 non

105 1135 237 1207 intelligis.
255 1137 283 1192 in
294 1136 429 1207 opusculis
439 1143 530 1189 autem
545 1135 731 1205 posteriorum,
745 1149 804 1204 quar
817 1133 893 1188 libris

104 1228 340 1284 innumerabilibus
352 1229 531 1292 continentur,
547 1226 594 1282 sed
608 1227 680 1281 uallo
692 1226 772 1280 medo
785 1225 837 1280 itte
849 1240 893 1281 sa·

104 1321 259 1375 antiniana
290 1319 478 1374 canonicarum
503 1318 700 1387 seripturarum
727 1316 893 1373 excellentie

102 1421 283 1482 eomquantur,
297 1411 376 1466 ctiam
391 1411 417 1464 ιιι
430 1409 641 1480 quibuscumque
651 1424 744 1465 eorum
757 1407 893 1463 inuenitur

104 1505 199 1561 eadem
227 1503 434 1572 restitutores
456 1510 543 1557 tamen
567 1511 609 1556 est
629 1502 715 1570 impar
739 1500 892 1555 auctoritas.

103 1597 194 1667 ltaque
208 1596 234 1651 in
248 1595 298 1658 eis,
311 1594 334 1649 sl
351 1609 404 1665 qna
418 1594 486 1648 torte
497 1603 638 1663 propterca
650 1593 787 1648 dissonare
800 1600 896 1662 prrtsn·

104 1697 148 1742 tur
164 1702 179 1741 a
199 1701 273 1752 roro,
288 1687 349 1755 quia
363 1701 416 1740 non
429 1694 457 1739 ιιι
469 1684 540 1739 dieta
559 1693 622 1739 sunt
640 1685 832 1752 intelliguntur,
852 1692 898 1758 tar-⁴

103 1794 165 1835 men
188 1777 301 1832 liberum
326 1778 361 1833 ibi
383 1776 463 1832 babet
487 1777 571 1832 lector
592 1776 731 1831 auditorve
755 1775 893 1846 judicium,

103 1888 156 1943 ectr
170 1872 210 1927 rel
231 1873 359 1942 approbet
372 1871 442 1942 quod
462 1872 600 1942 placrrerit,
614 1872 657 1927 rel
679 1871 811 1941 improbet
825 1869 895 1941 quod

104 1963 244 2020 oilerulerit
258 1981 265 2018 r
278 1973 305 2019 et
317 1964 378 2019 ideo
391 1970 487 2019 cuncta
500 1963 631 2033 ejusmodi
644 1964 695 2019 nisi
710 1964 750 2019 rel
764 1972 837 2020 certa
851 1978 895 2019 ra·

105 2056 188 2121 tiorre,
202 2055 245 2110 rel
258 2046 290 2111 ιι
304 2055 348 2110 illa
359 2055 489 2110 canonica
500 2054 657 2110 auctoritate
666 2053 849 2119 defendantur,
866 2063 896 2109 nt

104 2148 299 2204 demonstretur
314 2149 370 2202 sire
382 2146 495 2201 omnino
507 2147 543 2201 ita
556 2160 627 2211 esse,
638 2146 694 2201 sire
708 2144 763 2201 deri
776 2145 896 2215 potuisse

104 2239 175 2310 quod
188 2239 228 2294 rel
242 2238 404 2308 disputatum
417 2237 452 2293 ibi
466 2245 517 2302 ost,
530 2237 572 2291 vel
581 2245 717 2292 narratum
730 2253 737 2304 ;
751 2238 774 2291 si
788 2239 830 2292 eul
838 2236 896 2292 dis·

105 2332 237 2404 plicaerit,
257 2341 304 2386 aut
324 2330 436 2387 credere
455 2330 579 2394 noluerit,
607 2345 661 2386 non
680 2327 895 2400 reprehenditur.

106 2423 135 2478 ln
150 2423 193 2477 illa
206 2435 270 2477 vero
283 2423 408 2476 carronica
422 2421 565 2476 eminentia
575 2434 710 2476 sacramen
723 2419 893 2487 Litterarum,

106 2512 210 2568 etiamsi
235 2528 302 2568 unus
317 2512 456 2584 propbeta,
481 2528 529 2568 sca
551 2512 696 2582 apostolus,
720 2521 766 2569 aut
784 2528 896 2584 evange·

106 2604 166 2660 lista
188 2604 287 2674 aliquid
308 2605 336 2659 in
356 2605 412 2660 suis
435 2602 542 2659 Litteris
563 2605 684 2674 posuisse
704 2604 761 2674 ipsa
787 2605 897 2661 canonis

106 2696 307 2752 conlirmationc
320 2696 480 2762 declaratur,
494 2696 623 2753 nonlicet
636 2695 757 2752 dubitare
770 2699 840 2768 qaod
854 2714 899 2754 re·

106 2801 166 2842 rum
188 2787 222 2841 sit
244 2804 251 2842 ε
275 2786 391 2857 alioquin
412 2787 484 2841 nulla
508 2788 560 2842 erit
583 2787 687 2858 pagina,
703 2804 752 2856 qua
776 2788 898 2844 bumana

108 2876 249 2947 imperitiae
268 2872 541 2947 regaturiudrmitas,
557 2877 579 2933 si
600 2878 739 2933 Librorum
756 2881 898 2934 aanorrico-

107 2983 166 3023 rum
192 2969 290 3023 saluber
299 2970 363 3023 rima
384 2969 535 3035 arroteritae,
557 2979 601 3023 aut
621 2979 772 3041 contempta
794 2972 899 3042 penitus

107 3058 296 3124 abolerentur
310 3060 477 3114 interminata
491 3060 672 3114 couirmditrrr.

143 3150 256 3206 carot
269 3149 313 3206 tt.
329 3180 365 3193 —
377 3151 545 3221 Quapropter
554 3153 672 3222 quisquis
682 3168 721 3217 es,
734 3169 812 3222 qaeur
827 3153 900 3210 reiut

108 3242 281 3311 repugnantia
295 3242 344 3296 ista
357 3250 507 3307 moverunt,
528 3244 598 3314 qnod
613 3245 676 3302 alibi
696 3246 823 3315 scripturn
845 3256 898 3316 cst,

109 3329 206 3385 Filiam
223 3330 269 3386 Dei
288 3348 320 3387 ec
333 3334 427 3387 reatina
445 3333 537 3401 David,
552 3335 616 3390 alibi
629 3345 729 3404 autent,
744 3336 777 3391 tta
791 3339 814 3391 si
824 3353 899 3392 noee-

108 3438 194 3475 romas
206 3421 332 3477 Cirrirtum
347 3424 483 3478 reundum
497 3440 615 3492 caruem,
635 3427 679 3481 red
693 3427 750 3499 jorn
771 3444 838 3482 autre
850 3443 901 3482 non

109 3514 246 3568 rrooirrras:
266 3524 293 3569 et
311 3515 332 3569 si
346 3529 398 3569 non
414 3524 555 3586 utnrmqac
568 3533 602 3572 ex
615 3517 693 3572 unius
709 3520 828 3588 Apostoli
844 3519 900 3575 tir·

111 3605 173 3658 teris
189 3604 369 3673 praeferretur,
389 3605 435 3660 sed
451 3621 532 3661 nnnrrt
552 3623 645 3662 corum
667 3606 764 3664 Paulus
778 3610 899 3678 dixisset,

109 3696 220 3751 alterum
237 3697 339 3765 Petrus,
359 3707 404 3753 aut
425 3698 515 3765 isaias,
530 3710 577 3755 aut
595 3701 663 3756 alius
674 3704 814 3773 qnisquam
827 3705 900 3774 Apo-

110 3790 248 3855 stolorum,
263 3790 318 3846 sire
337 3791 528 3861 Prophetarum
541 3809 549 3858 ;
562 3794 624 3864 quia
638 3795 673 3849 ita
693 3794 743 3851 sibi
766 3797 854 3852 omma
874 3796 901 3852 in

110 3881 237 3935 canonica
253 3884 411 3938 auctoritate
421 3885 594 3952 concordant,
609 3894 638 3941 ut
652 3895 776 3957 tauquam
792 3902 845 3942 uuo
855 3903 901 3944 ore

110 3968 191 4038 dicta,
210 3971 357 4039 justissima
375 3982 401 4030 cl
416 3975 621 4045 prudentissima
637 3978 734 4047 pietate
747 3978 900 4045 credantur,

110 4071 137 4117 et
150 4066 319 4120 serenissimo
333 4067 468 4123 intellectu
483 4069 670 4135 inveniantur,
686 4079 713 4127 et
726 4071 902 4129 solertissirrra

109 4153 244 4224 diligentia
269 4157 499 4222 deuroustrcntur;
520 4175 574 4215 nort
598 4159 690 4216 liceret
718 4161 751 4217 de
773 4162 902 4218 alterutro

110 4243 242 4297 dubitare.
259 4245 381 4309 Proinde,
401 4249 462 4318 quia
476 4265 509 4302 cx
529 4250 643 4319 apostoli
664 4250 737 4307 Pauli
755 4253 900 4319 canonicis,

112 4331 203 4397 idest,
221 4348 284 4388 rere
305 4334 376 4389 Pauli
395 4337 538 4406 Epistolls,
554 4349 696 4410 utrumque
710 4343 860 4412 protertur,
876 4354 903 4400 ιι

111 4437 165 4477 ιιοιι
178 4437 319 4493 possurrurs
337 4425 442 4490 dicere,
463 4439 509 4483 aut
524 4429 679 4485 mendosam
692 4447 752 4488 esse
771 4434 901 4502 codicem,

110 4530 205 4570 onmes
217 4515 286 4569 cuim
300 4516 372 4571 latini
384 4517 516 4574 entendati
531 4521 569 4576 sic
584 4519 699 4588 babeut;
713 4532 758 4577 aut
772 4524 903 4595 interpre-

112 4614 165 4661 tem
176 4621 289 4670 errassc,
301 4622 395 4663 omncs
407 4609 477 4664 enim
492 4611 571 4682 graeei
585 4612 719 4668 emerrdnti
734 4615 773 4670 sie
784 4615 881 4671 lrabeut
893 4633 901 4672 :

112 4707 193 4752 restat
208 4707 237 4753 ut
252 4706 280 4752 tu
294 4713 345 4753 uorr
361 4699 508 4771 intelligas,
524 4717 595 4759 ame
610 4713 698 4759 autem
716 4707 784 4760 ratio
800 4704 903 4778 flagite-

113 4797 164 4854 tur,
177 4789 311 4858 quomodo
325 4799 447 4845 neutrum
462 4795 495 4848 ab
507 4794 590 4849 altero
603 4794 734 4861 dissertet,
748 4795 796 4852 sed
812 4798 837 4852 iu
855 4813 902 4853 ea·

113 4879 171 4933 dem
185 4896 257 4935 sanae
276 4879 337 4936 briei
351 4884 441 4952 regula
458 4893 598 4955 utrumqne
613 4886 769 4944 concordet.
789 4888 817 4945 Si
831 4889 902 4944 enim

112 4977 139 5022 ιιι
160 4983 266 5040 quoque
284 4971 327 5040 pie
344 4987 489 5040 qrrarrercs,
512 4963 615 5046 posses‘
629 4976 747 5035 iuvenire
769 4980 903 5051 quomodo

112 5058 160 5112 ista
171 5070 336 5130 perscrutata
346 5062 520 5119 dilucescant.

145 5149 258 5208 carot
270 5152 504 5226 ill-Namquod
513 5157 595 5213 Filius
604 5155 650 5215 bei
661 5175 693 5217 cx
708 5163 809 5219 semine
822 5162 904 5220 itarid

112 5242 192 5298 dromo
204 5242 289 5300 lactus
299 5255 350 5312 est,
360 5262 409 5303 trec
424 5248 493 5304 idem
505 5252 640 5321 apostolus
650 5268 703 5309 uno
713 5254 773 5310 leco
785 5255 860 5323 dicit,
876 5264 903 5312 et

110 5335 829 5415 attaesanereSertpturnapertisstrrrepradirant.0rrod
840 5364 903 5404 reni

110 5425 182 5488 dicit.
197 5425 266 5484 Etsi
281 5447 428 5488 rroeermrrar
438 5432 563 5489 Citriatum
575 5438 713 5492 secuudum
732 5455 843 5506 cerame,
858 5440 903 5495 red

110 5517 162 5577 iam
175 5535 241 5572 rrarre
253 5537 303 5575 aon
316 5523 446 5587 aerioma:
458 5539 489 5580 ca
505 5525 561 5596 ipsa
574 5529 771 5585 circumstantia
783 5528 903 5602 Scriptu-

110 5607 207 5666 reloci
219 5611 277 5682 ejus
292 5614 357 5671 satis
377 5616 494 5672 ostendit
515 5618 578 5690 quid
602 5619 725 5693 loquatur
744 5624 899 5696 Apostolus.

110 5697 166 5757 Sne
176 5701 274 5776 qnippe
286 5719 361 5800 more
370 5703 452 5762 ritem
465 5717 585 5767 uestram
598 5711 723 5783 intutam,
736 5732 796 5789 qua
806 5719 861 5787 iam
871 5716 899 5772 ln

754 284 857 342 tibuit
875 278 1081 342 debuemus.

1684 290 1736 350 tet

945 394 1004 463 ipso
1015 393 1121 449 bomine
1132 393 1277 451 mediatore
1289 395 1396 452 Cirristo
1405 396 1468 454 lesu
1480 400 1567 470 capite
1579 410 1673 457 nostro
1688 419 1735 460 re·

944 496 1070 558 surgente
1094 489 1225 558 completa
1249 497 1308 556 cst,
1338 492 1374 546 ita
1402 507 1449 563 spe
1472 501 1545 548 certa
1573 489 1736 567 meditatur,

945 587 1069 650 tanquam
1084 580 1136 651 jam
1146 581 1225 646 adsit,
1237 597 1408 654 praeseusque
1421 594 1557 641 teneatur:
1572 602 1632 658 quae
1646 590 1737 660 utique

944 670 997 724 sita
1017 685 1071 724 non
1095 672 1146 725 crit
1166 673 1310 728 seeundum
1324 689 1442 739 camcm,
1469 677 1538 731 sieut
1558 677 1613 746 iam
1637 677 1737 734 Cirristl

944 762 997 816 rita
1011 776 1064 818 non
1077 769 1120 817 est
1130 765 1277 819 seerrndum
1287 780 1406 820 carnem.
1419 766 1534 823 Carnem
1550 784 1665 841 namque
1686 769 1738 828 boe
1771 840 1773 844 q

944 854 1068 911 loeonon
1093 859 1177 927 ipsam
1197 860 1318 929 eorporis
1338 862 1423 915 nostri
1449 862 1633 930 srrbstantiam,
1656 866 1762 934 qoam'
1823 889 1827 896 ·

945 946 1073 1003 boninus
1095 950 1175 1004 etiam
1200 961 1261 1020 post
1283 955 1506 1010 resurrectionem
1528 968 1603 1010 suam
1629 970 1737 1011 minem

944 1041 1069 1109 appellat,
1080 1040 1192 1104 dicens,
1215 1041 1324 1113 Peripate
1341 1052 1364 1098 et
1377 1045 1467 1111 statue,
1480 1046 1539 1115 quio
1557 1046 1662 1116 spiritns
1680 1062 1738 1101 ossa

944 1140 968 1185 et
978 1148 1078 1187 carnem
1092 1150 1141 1188 nou
1155 1135 1237 1200 liutet,
1253 1136 1317 1190 siem
1329 1153 1369 1190 rae
1379 1138 1466 1191 ridetis
1475 1138 1566 1192 batem
1575 1136 1647 1211 ttae
1661 1150 1735 1202 xxiv,

945 1224 1008 1297 59);
1023 1226 1071 1281 sed
1095 1228 1293 1297 corruptionem
1316 1229 1557 1300 mortalitatemque
1572 1230 1661 1285 earnis
1681 1231 1739 1285 solt

946 1314 1067 1385 intelligi,
1088 1331 1149 1386 quar
1163 1325 1226 1372 tane
1251 1331 1304 1372 non
1320 1319 1370 1373 erit
1384 1319 1411 1373 in
1434 1318 1521 1385 nobis,
1548 1319 1616 1374 sient
1632 1320 1687 1390 jam
1709 1319 1736 1374 in

945 1406 1051 1461 Christo
1065 1423 1117 1461 non
1132 1415 1183 1463 cst.
1202 1408 1274 1463 ilaue
1284 1410 1354 1464 euim
1367 1410 1473 1480 proprie
1487 1425 1596 1466 caruem
1612 1411 1736 1465 namina-

945 1497 1000 1564 bat,
1015 1498 1167 1554 etiamnum
1182 1499 1216 1555 de
1228 1501 1284 1570 ipsa
1300 1503 1496 1558 resurrectione
1517 1503 1583 1558 satis
1602 1503 1738 1559 euidenter

946 1587 1107 1657 loqueretar,
1122 1599 1149 1645 et
1159 1589 1271 1657 diceret,
1285 1589 1415 1661 quodiam
1428 1606 1507 1662 snpra
1519 1592 1737 1660 commemorari,

945 1674 1012 1732 caro
1025 1686 1049 1732 et
1059 1680 1275 1751 ronmrr'aregrrrrm
1285 1678 1528 1751 perpensamus
1539 1691 1740 1754 pascunturque

945 1770 1073 1840 correptio
1087 1769 1299 1841 iuronaptionem
1313 1771 1459 1842 possidebit.
1474 1772 1540 1826 Cum
1555 1786 1620 1842 crgo
1640 1770 1738 1827 iactum

945 1858 1035 1926 luerit,
1057 1861 1128 1932 quod
1151 1862 1186 1917 lbi
1201 1870 1397 1934 consequenter
1420 1864 1494 1930 dicit,
1517 1862 1583 1919 Eece
1596 1863 1740 1935 mysterium

946 1951 1015 2006 orate
1030 1952 1105 2007 dico:
1116 1968 1201 2007 omem
1211 1954 1310 2023 qrrr'dem
1321 1970 1489 2025 resarpemaa,
1500 1970 1551 2008 aon
1562 1964 1644 2008 laurera
1655 1969 1740 2008 omnes

946 2043 1143 2098 immutabimur.
1165 2040 1198 2098 ln
1217 2055 1311 2109 atomo,
1328 2044 1353 2099 id
1368 2053 1418 2110 est,
1433 2044 1460 2098 iu
1477 2054 1624 2109 mmnento,
1644 2044 1672 2098 ιιι
1689 2044 1741 2097 icto

947 2133 1023 2196 oculi,
1047 2133 1073 2187 in
1094 2135 1229 2188 novissimo
1250 2134 1320 2200 tadu,
1341 2142 1413 2188 cenet
1426 2137 1492 2189 erriru
1516 2134 1585 2200 tado,
1610 2130 1742 2188 mnaortrri

947 2232 1076 2292 retorperet
1089 2223 1237 2291 irrcorreptr',
1253 2233 1275 2276 et
1285 2240 1331 2277 aas
1343 2224 1531 2279 imrrrrrtobimar
1541 2240 1551 2278 .·
1563 2231 1659 2295 oportet
1673 2223 1741 2278 enim

947 2311 1111 2381 conaptibr'te
1127 2310 1174 2365 troc
1188 2312 1292 2366 induere
1304 2312 1529 2384 irrrorrnptionerrr,
1543 2321 1566 2367 ct
1576 2310 1682 2368 ntortoie
1694 2311 1742 2367 troc

948 2400 1273 2457 indomeimmortniitotern
1288 2401 1309 2475 (l
1321 2401 1384 2458 Cor.
1396 2419 1442 2470 stt,
1453 2402 1550 2476 etet)
1566 2403 1636 2474 :jam
1648 2416 1742 2467 secan-

948 2491 1011 2546 dum
1023 2491 1051 2546 id
1063 2491 1258 2561 quodcaruem,
1271 2507 1324 2547 non
1333 2493 1417 2562 ipsam
1429 2494 1549 2564 cruperis
1556 2493 1742 2562 substantiam,

948 2582 996 2637 sed
1012 2583 1095 2653 ipsam
1119 2584 1317 2654 corruptionem
1344 2585 1514 2640 mortaiitatis
1540 2586 1666 2656 appellnt,
1687 2601 1742 2642 nou

949 2675 1001 2728 crit
1014 2675 1105 2744 utique
1117 2690 1190 2741 caro,
1203 2676 1265 2746 quia
1277 2677 1473 2746 corruptionem
1495 2677 1664 2733 mortalitatis
1682 2693 1753 2756 ιιιιι·Ι

950 2778 1003 2823 tata
1017 2783 1069 2823 non
1084 2769 1206 2834 lrabcbit;
1222 2771 1368 2826 seeundum
1381 2781 1469 2827 antem
1485 2773 1568 2843 ipsius
1587 2770 1744 2828 substantiae

949 2861 1121 2932 corporisque
1136 2863 1265 2934 originem
1285 2863 1377 2920 eadem
1391 2880 1453 2938 earo
1464 2866 1525 2932 erit,
1545 2866 1607 2937 quia
1629 2867 1685 2938 ipsa
1699 2881 1743 2923 re·

950 2961 1040 3021 surget
1062 2961 1089 3006 et
1108 2953 1164 3022 ipsa
1186 2954 1345 3022 mutabitur,
1369 2956 1431 3026 quia
1457 2964 1484 3011 et
1499 2957 1562 3012 illud
1588 2972 1681 3014 terum
1702 2963 1746 3013 cst

950 3042 1020 3112 qnod
1035 3043 1222 3113 aitbominus,
1235 3053 1409 3114 posteaquam
1421 3047 1577 3112 resurrexit,
1597 3045 1706 3118 Palpate
1721 3056 1745 3101 et

951 3132 1040 3199 uidete,
1055 3133 1115 3202 quio
1127 3134 1231 3204 spiritur
1245 3151 1346 3188 caraem
1360 3142 1384 3189 et
1397 3152 1454 3189 osso
1465 3152 1515 3190 nou
1535 3137 1618 3200 irobct,
1628 3137 1692 3190 eicrrt
1706 3150 1745 3190 ore

952 3224 1039 3278 ridetis
1050 3223 1141 3278 traina
1149 3242 1158 3289 ‚·
1172 3233 1199 3279 et
1219 3223 1269 3278 bne
1281 3240 1373 3280 remm
1387 3225 1511 3295 estquod
1531 3227 1568 3280 ait
1589 3227 1742 3295 Apostolus,

952 3315 1017 3370 Coro
1029 3325 1051 3369 et
1065 3317 1167 3386 conparis
1177 3333 1282 3385 requam
1291 3316 1337 3370 tter·
1350 3318 1476 3387 possidere
1488 3335 1537 3372 non
1550 3327 1666 3388 possiunt.
1677 3317 1744 3375 lllttd

951 3405 1021 3458 euim
1035 3403 1134 3459 dmtrrm
1156 3414 1198 3459 est
1209 3406 1356 3460 secuudum
1380 3407 1464 3477 ipsam
1477 3408 1665 3476 substantiam,
1686 3425 1745 3480 qaae

952 3497 1031 3551 etiam
1056 3506 1117 3552 tunc
1141 3498 1210 3566 erit,
1234 3499 1294 3568 quia
1316 3499 1373 3570 ipsa
1400 3500 1564 3579 rrrutabitur:
1582 3501 1633 3557 boc
1655 3512 1745 3559 autern

952 3587 1104 3644 dictumest
1116 3590 1260 3645 secundam
1280 3591 1414 3647 carnalem
1434 3592 1443 3624 ¹
1463 3594 1644 3664 corruptionis
1658 3595 1746 3666 quall-

953 3689 1056 3749 tatcm,
1085 3697 1145 3752 qua·
1164 3666 1228 3737 tnnc
1254 3683 1310 3752 jam
1331 3699 1384 3739 non
1408 3684 1471 3750 erit,
1492 3687 1552 3754 qrrla
1568 3695 1667 3741 mutata
1681 3701 1745 3743 caro

953 3785 1005 3826 noa
1020 3782 1215 3843 corrumpetur.
1229 3771 1386 3828 Noveramus
1398 3791 1461 3846 ergo
1469 3774 1596 3830 Christum
1608 3777 1746 3832 securrdum

953 3874 1064 3929 corruent,
1079 3861 1104 3916 id
1120 3871 1171 3928 cst,
1193 3864 1340 3919 seeundum
1358 3866 1446 3920 carnis
1461 3868 1648 3922 mortalitatem
1671 3876 1746 3946 antes

953 3968 1031 4023 qrraru
1042 3961 1207 4024 resurgeret:
1217 3953 1746 4029 sederaminmaonrrooimrrnquia,sieut

954 4045 1025 4099 idem
1040 4045 1104 4100 dicit
1118 4045 1266 4116 apostolus,
1282 4046 1395 4102 cartana
1408 4060 1539 4119 resarpcnr
1551 4066 1567 4102 a
1579 4051 1682 4104 mortuis
1689 4051 1746 4120 jum

955 4139 1744 4212 uonnroritrtr,etrueraciultrarroadenutrabimrlliom.ruti).

989 4227 1055 4284 Natu
1071 4230 1094 4284 si
1106 4237 1131 4283 tc
1143 4228 1176 4283 ad
1187 4229 1330 4284 uerborum
1344 4230 1535 4300 proprietatem
1554 4238 1655 4295 teneas,
1670 4246 1747 4287 men·

956 4318 1019 4373 titus
1031 4327 1072 4372 est
1084 4333 1143 4372 earn
1158 4319 1203 4379 ait,
1220 4316 1378 4373 Norermrrar
1392 4318 1521 4374 Cirristam
1535 4321 1672 4375 secandum
1691 4338 1748 4377 ear·

955 4424 1022 4473 aem,
1036 4408 1057 4461 si
1079 4407 1200 4462 cbristus
1222 4423 1357 4478 uunquam
1387 4409 1432 4464 luit
1458 4411 1602 4466 sermidam
1616 4427 1746 4470 carnem:

955 4512 1035 4553 nemo
1046 4497 1119 4553 enim
1133 4506 1242 4552 uorerot
1254 4498 1325 4569 quod
1346 4515 1400 4552 non
1422 4509 1487 4555 emt.
1497 4500 1553 4556 Non
1566 4512 1654 4558 autem
1670 4504 1746 4574 dixit,

955 4588 1119 4643 Putabamus
1131 4587 1267 4643 clurinum
1284 4590 1429 4646 secundum
1445 4605 1569 4660 crnrem;
1585 4595 1643 4664 sed,
1661 4594 1747 4653 Ncee-

955 4695 1050 4733 rarrms.
1065 4665 1254 4735 Verumtamen
1274 4688 1303 4735 ut
1318 4682 1462 4737 rerbonon
1482 4699 1612 4754 premam,
1634 4703 1668 4743 ne
1689 4689 1749 4759 quis

956 4768 1071 4824 aitimret
1086 4784 1133 4840 per
1151 4770 1308 4826 abusionem
1332 4772 1448 4828 locutam
1464 4776 1631 4845 Apostolum,
1658 4787 1687 4834 at
1700 4793 1749 4850 pro

955 4876 989 4918 eo
1001 4861 1072 4932 quod
1091 4870 1143 4926 est,
1167 4864 1336 4932 putabamus,
1360 4864 1472 4933 diceret,
1491 4866 1669 4926 Noveramus:
1682 4872 1749 4928 iltuit

957 4952 1042 5008 miror
1066 4966 1119 5008 non
1142 4953 1281 5010 attendere
1309 4953 1432 5011 bomiues
1462 4971 1562 5022 caecos,
1589 4960 1632 5017 rel
1662 4960 1750 5031 potius

956 5058 1009 5098 narr
1026 5044 1110 5098 miror
1134 5054 1186 5098 trotr
1211 5044 1304 5100 videre
1319 5060 1415 5111 cacos,
1431 5047 1529 5118 quiesi
1550 5047 1671 5107 Claristus
1684 5034 1750 5108 idco

957 5150 1009 5190 nou
1044 5134 1135 5191 babnlt
1172 5138 1368 5208 mrnem,qoia
1402 5137 1469 5194 dixit
1500 5141 1652 5211 Apostolos,
1678 5158 1750 5201 nunc

954 5226 1077 5298 jamnon
1090 5238 1121 5282 ec
1135 5227 1363 5283 nessciilrristum
1384 5228 1529 5285 secumdum
1554 5246 1680 5301 carrrem;
1700 5248 1750 5292 nec

956 5315 994 5371 illi
1007 5315 1157 5372 babnemnt
1169 5332 1287 5382 carnem
1299 5316 1335 5374 de
1348 5318 1444 5388 quibus
1457 5320 1483 5375 in
1496 5321 1591 5379 eodem
1604 5322 1663 5380 loco
1674 5325 1748 5395 dicit,

957 5408 1048 5481 ltaque
1060 5426 1106 5464 nos
1116 5410 1207 5464 mtrodo
1219 5411 1344 5466 moriame
1359 5412 1473 5467 norimus
1488 5414 1625 5470 meandum
1637 5432 1748 5474 cornera.

956 5500 1047 5572 Neque
1059 5502 1131 5558 enirn
1144 5501 1178 5558 de
1191 5501 1250 5558 roto
1263 5500 1369 5559 Christo
1382 5501 1408 5558 id
1423 5503 1515 5559 rolens
1527 5505 1646 5576 intelligi,
1658 5490 1750 5579 posset

956 5593 1056 5660 dicere,
1071 5592 1203 5650 Neminem
1215 5595 1328 5650 norietur
1338 5595 1475 5652 urendam
1490 5612 1590 5652 earnem
1607 5596 1672 5654 :sed
1687 5596 1748 5671 quia

964 5699 968 5707 ¹
988 5722 1295 5793 §simiarummmotta
