3938 6360
96 219 148 276 233

95 342 172 385 auam
192 325 404 383 manifestissima
425 324 534 380 veritate
557 323 731 396 praeierantcs
750 325 886 398 angustias

97 425 208 475 eormtras
220 414 341 481 evadere,
357 415 394 471 ait
405 414 456 471 bec
471 414 611 471 Dominum
624 415 658 472 ad
670 417 760 472 turbas
772 415 884 481 dixisse,

96 507 172 579 quasi
195 506 285 576 paucis
310 505 354 560 ille
373 506 398 560 in
421 514 524 561 secreto
545 521 606 561 uera
625 505 741 571 diceret,
756 506 781 560 in
797 505 887 561 turbas

89 582 186 654 'eutem
203 592 268 651 laisa
279 595 391 667 jactaret
406 613 412 648 :
429 611 489 650 cum
502 605 528 650 et
541 594 592 650 boe
606 595 639 650 de
652 596 763 651 Domine
777 594 886 650 credere

92 686 254 759 'sacrilegum
273 686 323 750 sit;
339 692 365 740 ct
382 685 533 755 omnesqui
551 687 661 756 legunt,
677 687 818 751 noverint,
834 685 886 741 laec

45 768 74 850 J
98 787 123 833 et
138 776 248 832 remotis
275 775 357 831 turbis
372 777 451 831 ¹cum
480 777 582 846 planiars
609 777 710 833 dixisse
737 777 884 848 discipulis.

97 866 263 939 Quapropter
275 867 335 937 quia
349 867 375 920 in
389 865 499 921 exordio
512 866 605 922 harum
619 867 766 923 litterarum
778 884 884 948 suarum

97 957 210 1016 Faustus
223 960 261 1016 sie
273 959 383 1013 miratur
393 957 573 1026 Adimantum,
584 968 613 1013 nt
626 960 649 1015 ei
665 960 750 1015 solum
765 959 886 1029 praeierat

96 1050 270 1109 llaoielracum
282 1092 289 1117 ,
302 1051 459 1120 cornpendie
479 1052 586 1122 requiro
607 1061 694 1106 utrum
713 1051 761 1106 ista
782 1050 886 1106 Domini

88 1132 247 1209 sententia,
261 1159 311 1215 qtra
325 1142 390 1198 divit
411 1157 462 1197 non
482 1143 613 1213 inquinari
633 1143 767 1197 horarioem
783 1142 815 1197 iis
827 1157 886 1212 quae

95 1224 123 1293 io
137 1250 168 1294 os
181 1237 239 1308 ejus
253 1238 370 1301 intrant,
385 1251 448 1290 nera
469 1251 502 1290 an
524 1235 592 1292 laisa
611 1234 655 1290 sit.
675 1235 702 1291 Si
726 1233 817 1289 salsam
843 1233 886 1289 di·

88 1337 179 1403 ·eurat,
195 1343 243 1384 eur
266 1341 323 1381 eam
352 1333 439 1380 tantos
464 1340 560 1380 eortrm·
577 1325 669 1380 doctor
693 1325 847 1380 Adimantus
871 1340 885 1379 a

98 1419 204 1477 Christe
218 1419 345 1488 prolatam
357 1417 456 1480 diceus,
469 1417 501 1472 ad
515 1415 718 1487 expugnandum
732 1415 888 1470 Testamen-

98 1517 154 1564 tunt
173 1508 254 1564 l'etus
267 1506 382 1577 objecit?
395 1507 422 1562 Si
442 1516 535 1563 autem·
545 1523 607 1561 vera
620 1516 660 1561 est
671 1548 679 1573 ,
691 1521 738 1560 cur
760 1505 887 1560 adversus

98 1588 157 1656 earn
172 1599 282 1655 credunt
295 1615 326 1654 se
339 1599 520 1669 coinquinari,
536 1600 558 1653 si
571 1613 738 1668 quacumque
747 1612 828 1653 earne
841 1613 888 1652 vc-

98 1689 222 1745 scantur?
235 1691 285 1744 uisi
296 1690 363 1744 irarte
375 1705 465 1743 verrunt
476 1690 637 1759 respondere
648 1689 774 1751 velint,et
785 1688 886 1757 dicere,

96 1781 255 1855 ¹Apostolum
268 1797 321 1836 non
336 1781 444 1845 dixisse,
454 1782 547 1836 Omnia
561 1781 657 1836 munda
673 1781 815 1846 hereticis
828 1779 885 1846 scd,

98 1873 182 1925 omniu
200 1870 294 1925 arundo
314 1871 423 1926 retondis.
438 1871 492 1926 Cur
506 1872 576 1926 enim
597 1887 650 1926 non
672 1871 746 1925 siot'
760 1872 817 1925 istis
829 1870 887 1925 ltaee

94 1960 194 2016 'trtrrnda
207 2003 215 2026 ,
227 1961 296 2016 idem
307 1961 441 2033 apostolus
454 1963 592 2031 sequitur,
608 1970 634 2016 et
648 1961 731 2016 dicit:
745 1958 887 2015 larrntondia

97 2063 180 2105 uatem
195 2061 218 2106 et
231 2051 372 2122 infidelibus
384 2052 446 2106 nibil
459 2062 494 2106 est
509 2053 650 2118 mondmn,·
664 2052 708 2106 aaa
720 2051 818 2121 polluto
828 2060 887 2106 sant

98 2159 183 2196 rerum
200 2154 222 2196 et
235 2159 304 2196 traces
321 2152 345 2196 ct
359 2145 511 2197 resarcientio
524 2143 586 2214 (Tit.
599 2160 622 2210 t,
638 2144 692 2216 15).
708 2142 783 2199 Unde
793 2157 887 2199 resera

97 2233 248 2288 llaoiclaaeis
261 2234 368 2288 omnino
381 2234 445 2288 nibil
464 2246 505 2290 cst
517 2233 660 2300 mundum,
675 2232 886 2304 ‹puatadoquidcm

97 2327 177 2380 ctiam
191 2326 273 2396 ipsunt
290 2327 335 2382 lici
346 2326 519 2381 substantians
533 2325 575 2380 vel
588 2336 720 2391 naturam,
734 2341 785 2379 non
801 2325 886 2379 solum

97 2417 260 2487 coinquinari
279 2418 395 2486 potuisse
407 2458 415 2482 ,
426 2416 472 2471 sed
494 2418 573 2473 etiam
587 2433 618 2471 ea
633 2427 710 2488 parte
731 2417 886 2487 coinquina-

98 2516 151 2559 tam
164 2522 223 2562 esse
236 2507 418 2573 centenduot;
433 2523 482 2562 nee
501 2508 587 2562 salum
600 2508 793 2578 coinquinatam
807 2523 887 2575 esse,

97 2611 188 2652 rernm
212 2598 292 2652 ctiam
307 2614 338 2652 cx·
354 2599 425 2653 ornrri
449 2607 522 2668 parte
541 2599 693 2667 recuperari
714 2598 887 2669 arrundarique

35 2734 37 2738 ,
98 2701 151 2742 rien
166 2702 252 2758 posse.
268 2688 343 2745 Unde
358 2688 453 2742 mirum
474 2698 515 2744 cst
536 2689 606 2759 quod
627 2689 662 2744 ita
684 2703 713 2744 sc
734 2688 825 2743 dicunt
839 2689 888 2744 int-

97 2776 210 2832 mundas
223 2794 316 2834 ourttes
329 2793 423 2842 carnes
435 2779 587 2834 existimare
600 2820 607 2844 ,
621 2788 649 2834 et
667 2780 702 2835 eb
723 2778 774 2835 lure
790 2778 824 2833 ab
848 2778 888 2834 eis

96 2869 233 2924 abstinere
244 2910 252 2936 ,
265 2869 340 2939 quasi
362 2869 460 2940 aliquid
482 2870 634 2925 existiment
652 2885 713 2926 esse
736 2867 887 2934 mundum,

98 2975 152 3015 non
167 2960 252 3016 solunt
266 2976 385 3017 escarum
398 3002 406 3022 ,
417 2959 465 3016 scd
482 2962 600 3016 omnium
617 2970 808 3017 ereaturarum.
821 2959 887 3016 Nam

98 3061 126 3108 et
141 3052 196 3122 ipsa
210 3052 281 3107 clera
295 3094 301 3114 ,
317 3062 342 3106 et
356 3067 454 3124 penta,
469 3061 497 3107 et
517 3068 610 3108 omnes
636 3053 743 3124 lrugcs,
757 3061 785 3108 ct
805 3061 888 3108 tetam

74 3124 77 3135 ¹
100 3151 216 3207 terrani,
233 3152 259 3197 et
279 3143 385 3209 coelnm,
399 3143 587 3197 commixtione
608 3143 693 3213 geratis
718 3142 887 3199 tenebrarum

100 3231 240 3304 perbibent
260 3232 391 3302 inquinata
417 3231 520 3288 Utinam
534 3240 637 3302 ergoet
656 3232 682 3287 in
704 3233 808 3287 caeteris
821 3233 889 3289 cibis

99 3324 184 3380 errori
203 3339 252 3381 suo
266 3332 461 3395 congruerent,
476 3332 554 3394 atique
568 3324 601 3378 ab
616 3325 666 3390 iis,
681 3340 740 3395 qum
752 3324 888 3380 immunda

41 3432 44 3441 ’
99 3413 200 3479 dicunt,
209 3413 331 3469 omnibns
343 3412 507 3478 abstinendo,
518 3413 587 3468 lame
598 3415 686 3484 patius
703 3424 888 3478 naorcrcotur,

73 3563 79 3574 ,
100 3521 178 3576 qnam
190 3506 256 3560 tales
267 3503 445 3574 blasphemias
454 3504 622 3573 pertinaciter
631 3502 801 3575 loquerentur
810 3505 817 3560 l
827 3520 890 3561 omn

101 3612 130 3653 se
143 3598 276 3669 corripere
289 3607 368 3668 atque
378 3594 521 3651 emendare
530 3596 692 3663 nolentibus,
704 3596 754 3652 buc
768 3598 889 3654 esseuti-

100 3687 150 3742 lius
162 3687 221 3758 quis
234 3703 285 3742 non
301 3683 447 3757 intelligat?

134 3774 246 3834 CAPUT
271 3776 326 3831 llll.
345 3805 382 3817 —
401 3776 572 3833 Testamenta
593 3784 681 3833 autem
707 3777 816 3844 Veteri,
841 3779 889 3834 ubi

100 3871 207 3941 quidam
229 3870 280 3927 eibi
300 3870 419 3926 carnium
440 3870 632 3941 probibentur,
647 3886 695 3927 cor
709 3885 762 3925 non
776 3871 810 3926 sit
822 3886 890 3926 eoo-

102 3962 181 4017 traria
208 3963 257 4018 ista
277 3961 425 4031 sententia,
450 3977 500 4034 qua
526 3961 591 4018 dicit
614 3962 773 4032 Apostolus,
797 3960 907 4041 Omrria

100 4052 195 4106 atoodo
208 4053 325 4121 inandir,·
334 4062 371 4120 ct,
385 4050 473 4108 Omnis
483 4051 650 4108 creeturollei
663 4055 727 4108 dono
736 4064 773 4108 est
786 4054 807 4127 (l
822 4054 888 4110 Tim.

102 4158 138 4206 ra,
151 4144 190 4213 l);
205 4143 227 4197 si
243 4152 350 4213 possum
360 4185 368 4210 ,
379 4143 527 4214 intelligant
538 4143 588 4198 laec
601 4144 758 4214 Apostolum
770 4144 804 4200 de
824 4144 890 4216 ipsis

102 4235 202 4288 dixisse
214 4235 322 4298 naturis3
339 4233 398 4288 illas
411 4244 501 4289 autem
515 4233 627 4289 Litteras
643 4245 749 4307 prepter
760 4237 889 4308 quasdam

105 4322 331 4392 praligtrrationes
346 4326 455 4392 tempori
468 4335 661 4394 eortgruentcs,
674 4328 798 4382 animalia
815 4344 889 4398 quta·

105 4413 177 4479 dam,
192 4427 243 4468 nen
258 4422 360 4479 natura,
371 4414 416 4468 sed
431 4415 621 4484 significatione
634 4416 768 4473 immunda
780 4418 889 4475 dixisse.

105 4505 212 4575 ltaque,
228 4503 300 4560 rerbi
313 4505 411 4576 qratia,
426 4504 494 4560 side
509 4520 589 4575 pereo
601 4515 627 4561 et
640 4521 709 4576 agne
722 4509 889 4578 requiratur,

104 4608 245 4668 utrumque
264 4607 357 4652 natrrra
379 4596 505 4652 menradum
519 4605 559 4651 cst
571 4638 580 4664 ,
594 4598 760 4667 quia'omnis
770 4610 890 4657 ereatura

105 4689 149 4744 Dei
162 4690 230 4743 buna
244 4698 295 4756 cst;
309 4688 422 4759 quadarn
437 4703 501 4746 vero
514 4689 705 4760 significatione
719 4707 802 4763 agnas
814 4710 892 4749 mun·

103 4779 169 4846 dus,
186 4794 283 4850 porcos
298 4779 449 4834 imnnmdus
470 4789 511 4835 est
525 4797 532 4833 :
547 4789 671 4850 tarrquam
694 4781 716 4836 si
735 4781 843 4839 maritum
864 4791 892 4841 et

103 4872 249 4942 sapientem
263 4871 375 4936 diceres,
386 4880 525 4942 utrumque
538 4871 588 4926 ime
598 4871 706 4928 verbum
718 4882 810 4928 naorra
820 4877 892 4932 racis

105 4971 140 5043 at*
154 4961 299 5017 litterarum
322 4971 348 5016 et
370 4961 530 5034 syllabarum
550 4963 644 5034 quibus
666 4974 769 5020 constat
781 5008 789 5033 ,
802 4969 892 5041 artique

105 5051 232 5105 naundunr
246 5060 304 5119 cst;
318 5051 509 5129 siqrriiicatieue
523 5063 613 5109 autem
628 5068 710 5111 trnram
723 5054 819 5114 borum
830 5074 891 5116 ver-

106 5145 178 5210 lmm,
194 5142 263 5213 quod
279 5143 399 5198 'dieitur
409 5144 522 5210 stultas,
537 5146 703 5203 immundum
717 5148 769 5204 diei
782 5159 868 5220 potat
882 5194 891 5221 ,

106 5250 156 5288 non
182 5245 277 5290 natura
291 5237 330 5292 sui
343 5278 350 5303 ,
364 5236 412 5291 sed
432 5238 556 5308 queniam
579 5239 704 5311 quiddam
726 5242 892 5302 immundum

138 5388 146 5421 ¹
164 5392 230 5446 con,
242 5388 277 5439 ret
285 5387 370 5439 turber
378 5387 431 5448 ltoe,
442 5389 663 5444 mammotrectis
676 5393 736 5446 editi
747 5407 807 5446 rere
817 5395 858 5447 alli
868 5404 894 5448 et

105 5455 160 5499 tter.
172 5461 220 5499 ooo
231 5450 330 5509 hiscat,
340 5449 476 5502 adoreae

138 5512 149 5542 ¹
166 5517 190 5560 tu
211 5516 236 5559 a
254 5513 343 5573 abest,
362 5511 419 5564 aba.
439 5519 477 5563 er.
499 5513 573 5579 bugd.
593 5524 653 5568 t‘en.
676 5521 731 5570 ter.
751 5519 830 5572 aeoad
851 5531 893 5570 su·

105 5583 201 5682 mnam
212 5580 286 5695 ried.
297 5644 357 5686 ven.
364 5640 496 5698 ter.,que.
544 5644 573 5705 tt

224 5715 338 5807 Saoce.
357 5721 491 5779 aueum.
508 5719 588 5781 l‘lli.

785 210 886 271 uaso
904 210 1047 270 SEXTUS.

1674 225 1729 291 itt

940 322 1083 394 significat.
1101 322 1133 379 Et
1146 323 1258 384 tortasse
1272 330 1342 399 qued
1363 337 1403 386 est
1418 331 1443 386 in
1461 346 1549 389 rerum
1565 332 1655 406 liguris
1667 352 1730 407 por·

938 425 995 478 cus,
1010 411 1061 466 hoe
1071 421 1112 468 cst
1125 414 1150 469 in
1164 431 1253 471 rerum
1263 434 1362 490 genere
1376 422 1484 488 stultus3
1494 432 1521 478 ct
1535 433 1587 479 tam
1601 424 1664 481 illud
1674 428 1731 485 eoi·

939 500 991 554 trial
1004 541 1011 565 ,
1025 518 1103 573 quant
1126 505 1184 560 ista
1203 507 1262 563 duna
1281 510 1411 581 syllabae,
1426 513 1496 580 qood
1510 514 1606 571 dicitur
1618 517 1731 586 stultus,
1774 562 1784 572 .

938 590 1061 659 quiddam
1072 608 1154 648 unum
1166 594 1288 668 idemque
1301 599 1440 670 signifieat.
1453 602 1620 661 immundum
1634 583 1732 679 quippe

939 680 1002 734 illud
1017 682 1114 737 animal
1129 685 1154 739 in
1170 685 1239 757 Lege
1255 690 1368 758 positum
1383 700 1440 759 est,
1452 708 1484 748 co
1496 696 1567 765 qood
1582 712 1634 754 nou
1649 715 1733 754 ruma·

940 781 984 826 net
1001 790 1007 821 :
1023 789 1074 827 non
1087 784 1175 832 nartem
1188 778 1238 834 boe
1251 780 1308 850 ejus
1320 784 1422 850 vitium,
1435 785 1481 840 scd
1493 797 1584 843 natura
1597 797 1649 850 est.
1664 790 1734 848 Sunt

939 870 1027 917 autem
1043 863 1163 922 laomines
1176 871 1219 940 qni
1233 886 1279 941 per
1291 871 1342 928 boe
1356 875 1453 930 animal
1464 863 1665 949 significantur,
1679 883 1732 940 irn-

939 953 1029 1008 mnndi
1053 957 1159 1026 proprio
1178 960 1255 1027 vitio,
1271 978 1322 1017 oon
1345 975 1438 1019 natura
1453 984 1460 1020 t
1474 968 1519 1038 qui
1537 985 1597 1027 com
1619 971 1733 1031 libenter

938 1042 1048 1099 audiant
1070 1047 1148 1103 verba
1172 1051 1326 1120 sapientiae,
1342 1064 1433 1123 postea
1448 1056 1481 1112 de
1496 1059 1537 1113 lais
1555 1061 1665 1119 cornino
1678 1079 1733 1120 non

939 1136 1065 1206 cogitant.
1081 1140 1155 1206 Quod
1169 1144 1240 1198 cuim
1258 1146 1322 1200 utile
1336 1147 1461 1219 audieris,
1476 1151 1548 1208 reiut
1560 1155 1595 1212 ab
1607 1156 1733 1214 intestine

939 1230 1094 1296 memoriae,
1115 1239 1239 1302 tanquam
1264 1235 1297 1289 ad
1319 1250 1351 1291 os
1374 1240 1558 1310 cogitationis,
1574 1245 1732 1303 recordandi

939 1315 1080 1375 dulcedine
1095 1337 1231 1391 revocare,
1241 1325 1305 1396 quid
1319 1337 1359 1383 est
1371 1330 1453 1398 aliud,
1467 1348 1547 1402 qoam
1559 1334 1734 1406 spiritualiter

939 1408 1053 1477 quedam
1068 1411 1147 1465 medo
1168 1416 1404 1487 ruminaretouou
1419 1423 1463 1490 qui
1477 1424 1529 1477 riou
1546 1425 1659 1492 iaciunt,
1675 1427 1734 1484 illo·

940 1513 997 1553 rum
1019 1502 1171 1558 animalium
1196 1521 1294 1576 genere
1320 1509 1477 1579 srgnrantur.
1500 1512 1576 1570 Unde
1600 1527 1628 1572 et
1647 1518 1734 1588 ipsaa

941 1590 1035 1646 talibus
1055 1595 1179 1650 carnibus
1200 1597 1375 1664 abstinentia,
1391 1603 1442 1657 eale
1455 1603 1546 1658 vitium
1563 1621 1612 1661 nos
1634 1622 1735 1675 eruere

940 1682 1107 1748 pracanenoit.
1134 1685 1199 1740 Com
1228 1687 1299 1741 enim
1328 1689 1467 1745 thesaurus
1493 1693 1677 1750 desiderabilis
1699 1696 1735 1753 sit

939 1772 995 1843 ipsa
1011 1776 1150 1844 sapientia,
1166 1777 1199 1833 de
1210 1778 1260 1833 lrac
1275 1781 1404 1836 munditia
1416 1784 1564 1840 ruminandi
1581 1795 1607 1842 et
1619 1787 1736 1844 immun·

939 1862 1003 1917 ditia
1020 1880 1071 1919 non
1087 1868 1236 1922 ruminandi
1251 1870 1304 1924 alio
1325 1871 1383 1927 icco
1397 1876 1525 1944 scriptum
1540 1885 1581 1931 cst
1596 1896 1603 1933 :
1619 1876 1733 1932 Tlreeeu-

939 1971 982 2008 rua
995 1955 1166 2013 desiderabilis
1183 1961 1314 2030 requiescit
1332 1965 1360 2017 io
1380 1981 1423 2019 erc
1442 1967 1631 2037 rapientium
1651 1981 1736 2026 autem

939 2042 1030 2098 attritur
1044 2046 1127 2115 plutiit
1139 2047 1210 2101 illum
1224 2047 1313 2122 (Pron.
1328 2069 1372 2107 rou
1387 2095 1393 2118 ,
1409 2053 1465 2127 20).
1478 2055 1524 2110 liar
1540 2066 1629 2114 autem
1641 2058 1736 2117 simili·

941 2133 1044 2191 todines
1053 2151 1142 2192 rerum
1154 2138 1180 2193 in
1192 2139 1370 2197 locutionibus
1381 2144 1420 2199 nel
1431 2146 1660 2206 obseruationibus
1671 2151 1735 2223 lagu·

941 2225 1017 2289 rutis,
1027 2236 1135 2295 propter
1142 2230 1276 2298 quaerendi
1286 2239 1313 2285 ct
1322 2235 1492 2302 cerraparandi
1503 2239 1733 2308 exercitationem,

939 2315 1081 2370 rationales
1108 2328 1210 2373 mentes
1235 2321 1333 2377 utiliter
1359 2332 1388 2378 ct
1407 2326 1524 2382 suaviter
1545 2339 1664 2387 merent.
1680 2332 1735 2388 Sed

940 2405 1021 2473 priori
1032 2407 1220 2475 populemulta
1233 2411 1293 2465 talio
1304 2428 1356 2467 non
1365 2420 1466 2468 tantiam
1488 2415 1735 2486 comendaverunt

939 2493 1020 2549 ctiam
1036 2497 1199 2552 ‹rirserranda
1215 2513 1348 2573 proecepta
1360 2513 1431 2558 sitttl.
1448 2504 1565 2577 Tempus
1585 2509 1657 2564 enim
1677 2521 1736 2568 erat
1792 2484 1800 2499 ’

939 2599 992 2654 qun
1011 2601 1063 2640 non
1082 2595 1183 2643 tantum
1204 2589 1299 2656 dictis,
1314 2592 1361 2647 sed
1381 2593 1461 2648 ctiam
1486 2596 1563 2651 laetis
1582 2598 1736 2671 prophetari

939 2683 1076 2741 oporteret
1089 2691 1120 2730 ea
1132 2680 1343 2755 qnanpestcriori
1360 2688 1480 2750 tempore
1494 2683 1598 2740 lucrant
1608 2688 1731 2744 revelan-

940 2765 982 2818 tia.
997 2763 1098 2833 Quibus
1111 2783 1159 2837 pcr
1172 2768 1305 2825 Christum
1319 2780 1398 2842 atque
1414 2775 1442 2828 in
1467 2775 1573 2832 (iliciste
1595 2779 1732 2850 revelatis,

940 2854 1003 2912 odei
1015 2859 1132 2929 gentium
1142 2874 1223 2916 onera
1233 2863 1448 2921 obsecrationum
1457 2882 1509 2925 non
1523 2878 1585 2925 sunt
1598 2872 1734 2945 imposita,

941 2951 1087 3022 prophetie
1110 2964 1196 3010 tameo
1218 2957 1363 3012 auctoritas
1380 2962 1577 3016 commendata.
1594 2963 1664 3022 Ecce
1685 2982 1735 3024 aes

940 3041 1055 3099 diximus
1076 3059 1128 3115 qua
1149 3060 1248 3114 carisa,
1274 3062 1334 3103 cum
1361 3052 1506 3106 secondum
1532 3053 1636 3111 Dasmini
1661 3059 1735 3128 bpa-

941 3132 1054 3203 stelique
1080 3135 1239 3189 sententiam
1269 3137 1357 3192 nullas
1383 3139 1535 3197 animalium
1562 3159 1657 3200 carnes
1685 3148 1735 3203 inr-

942 3221 1054 3276 mundas
1080 3222 1237 3292 babeamus,
1258 3225 1349 3282 Vetei
1374 3237 1460 3283 tamen
1482 3217 1675 3301 terraneam,
1689 3238 1734 3293 ubi

941 3311 1062 3381 quadam
1081 3313 1244 3368 immundoe¹
1259 3315 1337 3370 dictae
1356 3326 1441 3385 sunt,
1466 3336 1518 3375 non
1541 3322 1733 3383 adversentur:

941 3416 990 3458 vos
1014 3403 1069 3472 jam
1096 3404 1196 3473 dicite,
1223 3421 1306 3477 quare
1334 3409 1483 3466 immundas
1512 3428 1609 3471 carnes
1639 3419 1735 3474 existi·

941 3493 1029 3549 rnctis.

976 3584 1088 3642 CAPUT
1108 3584 1173 3642 l'lll.
1189 3618 1224 3627 —
1237 3586 1264 3643 Si
1285 3589 1431 3648 secundum
1451 3609 1570 3652 errorem
1595 3611 1732 3672 vestrum,

941 3688 1049 3747 propter
1068 3678 1284 3735 commixtionem
1298 3682 1567 3751 gentistenebrarum
1580 3707 1587 3756 ;
1600 3708 1651 3748 nnn
1672 3711 1734 3751 car-

941 3783 1006 3834 nes,
1022 3768 1069 3823 sed
1081 3768 1137 3839 ipse
1151 3768 1222 3826 Deus
1236 3780 1325 3826 vester
1334 3771 1487 3832 immundus
1499 3788 1540 3835 cst
1553 3779 1579 3836 iu
1591 3797 1622 3838 ea
1639 3796 1733 3855 parte,

941 3872 1020 3929 quam
1035 3858 1108 3913 velut
1121 3857 1286 3916 debellandis
1311 3871 1340 3918 et
1366 3868 1532 3937 captivandis
1548 3871 1667 3930 hostibus
1677 3877 1725 3934 ab·

941 3947 1101 4003 sorbendam
1115 3957 1143 4004 et
1157 3950 1345 4021 inquinandam
1363 3955 1436 4011 misit
1451 3968 1478 4014 et
1495 3961 1598 4017 miscuit
1615 3982 1622 4018 ι
1637 3966 1735 4025 deiude

943 4040 1143 4110 proptcripsaro
1159 4042 1387 4115 eornmixtiouem,
1403 4048 1485 4106 etiam
1512 4052 1640 4125 quidquid
1661 4059 1734 4116 aliud

942 4131 1118 4194 manducatis,
1141 4133 1306 4190 immundum
1319 4147 1371 4192 est.
1393 4138 1446 4195 Sed
1460 4141 1549 4199 dicitis
1561 4163 1569 4200 :
1581 4146 1662 4202 liutto
1674 4165 1734 4205 am·

943 4222 1012 4291 plius
1031 4223 1174 4277 immundae
1186 4234 1248 4280 suot
1266 4241 1371 4283 carnes.
1392 4229 1425 4284 Et
1447 4247 1529 4301 quare
1554 4237 1667 4306 amplius
1683 4241 1734 4296 int-

943 4311 1048 4366 mundae
1062 4315 1116 4366 sint
1127 4327 1232 4381 carries,
1246 4315 1354 4386 longum
1368 4328 1408 4374 est
1417 4334 1510 4377 cortun
1533 4322 1566 4379 de
1585 4324 1633 4380 itae
1647 4344 1676 4383 rc
1687 4329 1733 4388 de·

944 4402 1084 4458 liramenta
1095 4418 1303 4461 commemorare
1316 4423 1323 4472 ;
1340 4408 1388 4463 scd
1397 4409 1512 4468 breviter
1521 4414 1648 4486 attingam
1659 4421 1733 4490 quod

943 4504 984 4549 sat
998 4503 1050 4562 est,
1064 4505 1093 4550 ot
1107 4495 1279 4567 inspiciantur
1293 4499 1501 4568 reprehensores
1523 4505 1627 4563 Veteris
1640 4510 1735 4569 Testa-

943 4587 1037 4653 menti,
1064 4596 1136 4641 tanta
1160 4589 1278 4643 stultitia
1304 4598 1434 4648 vetustate
1453 4593 1579 4666 coniecti,
1605 4610 1633 4656 ut
1646 4603 1736 4662 carnis

944 4689 1113 4735 accusatores
1123 4679 1180 4734 sinc
1189 4679 1239 4734 utta
1252 4681 1382 4751 spirituali
1402 4685 1514 4745 veritate
1526 4691 1609 4747 solam
1624 4709 1733 4754 earnem

945 4781 1038 4839 sapere
1052 4762 1251 4853 convincantur]
1266 4771 1391 4830 Fortasse
1406 4776 1477 4832 euim
1504 4781 1585 4850 patrio
1606 4785 1733 4854 prolixior

945 4860 994 4914 ista
1009 4862 1148 4931 responsio
1172 4863 1212 4919 sic
1239 4863 1366 4922 adsersus
1389 4883 1437 4924 cos
1459 4870 1587 4929 lectorem
1609 4875 1737 4950 instruet,

946 4958 975 5003 nt
984 4950 1010 5005 in
1023 4950 1129 5006 cacteris
1143 4954 1359 5023 responsionibus
1381 4972 1435 5012 non
1454 4974 1470 5015 a
1484 4961 1561 5018 nobis
1584 4972 1637 5020 tam
1650 4968 1735 5029 multa

945 5042 1024 5097 verba
1039 5044 1217 5113 requirantur.
1226 5046 1399 5106 Dicunteuim
1415 5050 1458 5106 isti
1468 5055 1606 5127 vaniloqui
1616 5067 1644 5114 et
1657 5075 1735 5119 men·

946 5133 980 5187 tis
994 5132 1157 5218 seductores,
1172 5135 1200 5190 in
1215 5136 1257 5190 illa
1276 5152 1375 5218 pugna,
1398 5143 1506 5212 quande
1524 5147 1626 5215 primos
1637 5165 1732 5211 eorum

947 5222 1037 5289 borno,
1051 5224 1220 5280 tenebrarum
1234 5236 1339 5296 gentem
1363 5229 1503 5288 elementis
1517 5234 1655 5295 fallacibus
1669 5220 1737 5300 irre·v

947 5312 1015 5378 tivit,
1042 5315 1178 5386 utriusque
1191 5331 1270 5371 sexos
1297 5318 1460 5390 principibus
1477 5323 1596 5398 indidem
1617 5336 1736 5405 marist,

947 5419 1007 5462 eum
1020 5420 1052 5461 ex
1064 5407 1107 5461 eis
1121 5405 1241 5464 mundus
1254 5418 1465 5482 construeretur,
1485 5415 1628 5491 plerosque
1640 5439 1735 5485 curura

980 5586 989 5618 ¹
1005 5583 1123 5637 &blare
1133 5585 1209 5638 editio
1218 5592 1274 5639 ter·
1286 5589 1522 5650 addisrelmtotdoe.

981 5646 1044 5725 'sie
1053 5647 1164 5714 plerique
1176 5655 1228 5699 ttss.
1242 5657 1269 5701 tt
1280 5650 1348 5716 editi,
1361 5652 1452 5706 ibidem
1468 5655 1553 5723 cuuis

1425 5737 1561 5816 (Hori.)
