3938 6360
88 283 142 345 ⁸0⁵
670 274 768 333 ttttEtt
789 273 970 334 tteesttttts
989 225 1157 333 omeliis.
1674 282 1726 338 ιω

89 397 232 471 quentilms
254 395 343 468 priora
358 396 493 467 probanda
516 400 590 458 suut,
617 393 669 449 erit
695 393 747 448 lroc
771 390 880 446 laisum.
933 398 960 444 et
983 389 1056 444 nasci
1076 389 1161 460 potuit
1178 403 1231 444 nea
1251 397 1339 454 satus,
1352 397 1380 444 et
1395 389 1450 461 pati
1470 406 1523 447 uon
1548 402 1639 463 partus
1657 411 1663 448 ι
1678 393 1727 450 sed

91 490 192 547 deterit
206 489 277 544 euim
292 498 320 543 et
341 487 418 543 robis
441 484 596 558 responderi
616 483 643 539 in
668 483 739 538 hune
760 482 879 546 modurn,
935 495 1016 534 uturum
1030 479 1124 535 lrarurn
1140 480 1238 546 soluit,
1253 479 1367 536 alterurn
1382 476 1478 537 noluit
1492 481 1570 538 Nasci
1586 483 1657 540 eninr
1673 494 1728 540 non

89 581 151 649 quia
165 579 188 635 si
202 586 281 634 natus
296 585 339 633 cst
350 593 384 634 ex
402 576 498 632 lemina
512 576 600 641 lesus,
614 583 719 643 ergoet
734 573 883 628 seminatus
935 582 1009 627 sutus
1022 573 1115 638 noluit,
1133 573 1185 642 pati
1198 582 1286 628 autem
1302 588 1353 626 nea
1370 582 1460 642 partus
1472 574 1557 631 noluit
1571 591 1579 628 a
1591 576 1651 645 quia
1664 590 1728 645 par·

90 685 122 724 ειι
146 670 204 724 riro
230 677 272 724 est
287 682 295 721 a
309 669 333 723 si
354 683 419 724 rere
436 667 584 723 seminatus
609 680 643 721 ex
665 664 723 718 viro
746 677 800 717 non
823 667 881 728 εει,
936 673 979 720 tus
997 672 1037 720 est
1057 679 1161 733 passus.
1177 664 1248 720 Dicis
1273 664 1337 721 milri
1353 682 1360 719 :
1374 665 1452 722 Unde
1463 667 1535 724 seis?
1547 667 1613 736 Quia
1627 668 1680 724 lroe
1700 669 1728 725 in

90 772 214 829 ergonee
229 767 307 814 natus
319 772 352 813 ex
369 755 466 813 lemiua
487 765 538 811 est.
551 755 640 810 rotun
655 763 756 821 antem,
785 761 814 807 nt
836 764 884 805 tes
936 757 1080 828 Evangelio
1094 757 1213 813 ueritatis
1230 757 1299 829 lego.
1317 758 1346 814 Si
1358 767 1447 814 antem
1471 759 1634 824 tibi-dicam,
1651 758 1732 817 linde

90 849 210 914 creditis,
234 849 306 904 nasci
331 864 383 903 nen
401 857 493 905 satus:
508 862 593 920 quare
605 861 669 918 ergo
691 860 744 901 non
768 843 886 915 potuerit
936 848 990 903 seis
1000 848 1049 903 ista
1061 864 1120 917 aquae
1133 848 1199 904 dicis
1209 849 1221 903 l
1233 848 1369 904 llanielmei
1385 849 1448 904 nillri
1463 850 1574 922 opponis
1584 853 1729 907 auctorita·

91 947 118 996 ει
126 939 180 1010 pati
194 953 248 994 nou
261 938 373 1009 partus?
589 938 592 949 '
939 947 1008 1003 tem,
1021 946 1048 994 et
1058 937 1125 993 dicis
1136 953 1197 995 esse
1209 939 1235 993 in
1246 939 1388 1009 Evangelio
1401 938 1552 995 falsitatem.
1567 940 1624 1008 Ego
1636 948 1730 1007 ,autem

127 1029 242 1087 carot
260 1029 293 1085 ll.
312 1059 349 1070 -
366 1030 533 1085 deeusrrnes
555 1026 691 1099 respondit
712 1045 720 1080 ι
738 1023 823 1082 Nemo
836 1023 886 1079 tibi
939 1028 1083 1085 llaniclneo
1096 1029 1145 1084 ista
1155 1028 1252 1084 dicenti
1262 1045 1315 1084 uon
1327 1029 1483 1097 crederem,
1500 1045 1549 1086 nce
1561 1031 1582 1085 si
1597 1047 1650 1086 non
1666 1030 1731 1086 ruilri

91 1121 217 1193 proponit
228 1121 300 1191 qued
321 1120 367 1175 tibi
382 1121 518 1191 proponis,
533 1119 582 1174 nisi
597 1119 734 1189 imperitus
743 1132 822 1188 quern
836 1116 886 1171 de·
939 1120 1074 1176 cnristmn
1091 1121 1230 1176 mentitum
1247 1135 1309 1176 esse
1329 1120 1457 1176 laudaret.
1477 1120 1553 1188 Quod
1573 1120 1679 1191 quidem
1704 1121 1732 1179 ln

91 1214 168 1284 cipis,
180 1229 236 1268 arm
252 1212 398 1268 instructus
409 1226 424 1266 a
437 1227 490 1282 quo
509 1210 676 1267 condereris
687 1210 707 1264 ¹.
719 1209 785 1266 Nam
808 1207 887 1264 lesus
939 1211 1048 1268 Christo
1060 1228 1112 1269 uon
1126 1213 1236 1279 inuenit,
1249 1212 1296 1269 sed
1310 1213 1372 1284 quid
1386 1213 1443 1284 ipse
1458 1213 1549 1284 diligat
1560 1213 1659 1284 prodit.

125 1349 135 1381 ¹
152 1354 177 1396 ιιι
189 1354 251 1408 tiss,
263 1342 420 1398 connncoris.

1332 1469 1729 1486 —1—-q

359 1540 598 1650 LIBER
641 1536 1064 1648 VIGESIMUS
1103 1542 1475 1653 OCTAVUS.

131 1809 245 1867 CAPUT
268 1806 457 1865 rutttdtt-
487 1805 610 1862 Fausrus
631 1805 697 1862 dixit
727 1805 807 1862 :Sed
836 1821 889 1861 non
945 1808 1234 1877 nesciocuinsi’ersae,
1253 1808 1297 1878 qui
1323 1816 1397 1865 tauto
1420 1820 1481 1879 post
1502 1810 1656 1868 natusest?
1683 1813 1736 1870 Sed

95 1911 200 1974 parerat
212 1902 290 1969 meri,
303 1902 354 1956 ruisi
367 1910 444 1956 natus
456 1908 536 1955 esset.
551 1899 584 1954 Et
594 1914 643 1970 ego
657 1897 820 1968 respondeo,
836 1898 891 1955 Nec
944 1901 1025 1957 aliurn
1039 1901 1107 1957 lerte
1116 1899 1237 1970 proteres
1250 1900 1358 1963 librum,
1369 1901 1413 1972 qni
1427 1916 1524 1956 nomen
1538 1900 1636 1959 tutem
1652 1904 1736 1960 alien·

96 1993 170 2049 nasci
184 2001 307 2063 poterat,
326 1992 377 2047 nisi
392 1992 461 2045 Dens
476 2005 528 2045 non
541 1999 614 2045 esset
627 2006 634 2043 :
648 1997 694 2044 aut
714 1992 737 2043 sl
757 1990 842 2059 potnit
864 1996 892 2042 et
942 1993 986 2059 ius
1007 1991 1128 2059 apostoli,
1144 2006 1223 2061 quem
1238 2005 1253 2044 a
1268 1990 1375 2046 Christe
1388 1999 1493 2046 constat
1508 1992 1640 2061 electum,
1655 2003 1682 2050 ct
1701 1995 1737 2051 tut

98 2085 168 2140 ileus
182 2098 242 2138 esse
255 2091 282 2137 et
300 2080 386 2144 nasci,
397 2095 480 2151 quare
495 2094 548 2134 nen
568 2088 595 2134 ει
609 2094 661 2133 ιιοιι
683 2078 755 2134 nasei
777 2078 892 2148 potuerit
944 2082 1078 2138 Christum
1091 2068 1181 2135 nntrnn
1195 2095 1229 2137 ex
1240 2080 1322 2158 llaria
1334 2096 1387 2135 narn
1406 2096 1466 2136 esse
1483 2081 1600 2137 lecturus
1611 2099 1650 2138 es.
1672 2083 1738 2140 Cum

96 2183 125 2229 ει
136 2173 227 2230 meri?
243 2172 322 2228 l'ides
335 2187 400 2243 erga
415 2171 479 2226 unte
491 2170 556 2225 satis
568 2185 621 2225 nen
635 2184 714 2235 esse,
729 2168 755 2222 iu
775 2169 816 2223 luis
828 2183 893 2223 con·
945 2188 1008 2243 ergo
1021 2186 1131 2227 necesse
1143 2171 1178 2226 sit
1187 2173 1301 2227 alterum
1313 2173 1406 2226 lterum
1418 2171 1545 2229 librorum
1557 2189 1617 2231 esse
1630 2175 1739 2243 menda-

97 2264 262 2335 sequentiam
276 2277 414 2333 querere,
430 2267 475 2315 aut
488 2257 651 2331 argumentis
670 2258 770 2324 anniti,
785 2273 847 2313 euin
858 2256 892 2313 do
944 2276 1013 2324 cern,
1025 2260 1066 2317 cui
1080 2276 1130 2317 nos
1142 2262 1230 2332 potins
1246 2276 1341 2316 censes
1357 2260 1435 2317 neem
1445 2262 1648 2319 accommodare
1659 2265 1741 2323 debe-

53 2349 58 2357 '
98 2353 178 2409 relius
192 2352 279 2424 agitur
300 2367 360 2423 quae
376 2351 524 2422 pertincant
537 2349 570 2405 ad
584 2349 686 2405 lesum.
700 2347 752 2404 Sed
767 2364 892 2419 quaeren-
945 2351 996 2406 rel
1011 2351 1077 2406 Eine
1089 2366 1168 2420 quem
1183 2349 1229 2405 illa
1244 2347 1364 2405 Ecclesia
1378 2350 1411 2405 ab
1423 2351 1482 2422 ipso
1494 2350 1602 2408 Clirlste
1617 2354 1739 2410 inclnrata

97 2428 161 2498 dura
177 2443 264 2514 potins
277 2450 318 2496 cst
329 2482 337 2503 ,
349 2441 411 2511 quid
425 2440 481 2513 ipse
492 2440 526 2495 de
539 2454 570 2497 se
581 2481 589 2505 ‚
601 2437 701 2511 quidue
715 2438 833 2509 Apostoli
851 2438 893 2493 sui
944 2448 973 2496 et
991 2455 1038 2510 per
1052 2440 1195 2510 Apostolos
1209 2448 1335 2511 prereeta
1356 2448 1428 2496 certa
1450 2442 1650 2498 successionum
1670 2444 1742 2501 serie

96 2533 132 2589 de
143 2533 238 2588 cedern
249 2531 428 2605 predicarint.
445 2531 556 2601 ipsaque
568 2529 635 2585 aden
651 2528 835 2600 pertractantis
847 2544 894 2599 ge·
946 2544 1030 2600 usque
1048 2529 1081 2585 ad
1096 2528 1153 2584 lnce
1168 2538 1302 2601 tempora,
1315 2538 1372 2585 teto
1386 2538 1516 2586 terrarum
1530 2532 1596 2589 orbe
1611 2533 1739 2603 dilatata,

99 2625 218 2697 rrcalngia
235 2634 288 2690 cst,
311 2623 492 2680 ctridcndrnn
508 2622 529 2677 si
543 2622 594 2677 sibi
607 2622 766 2683 enarreniat;
786 2636 839 2674 nnn
860 2635 894 2676 ex
945 2622 979 2678 ali
1004 2622 1081 2678 initio
1104 2620 1230 2677 traditum
1255 2631 1282 2677 et
1304 2630 1491 2679 conservatum
1516 2624 1637 2694 agnoseit
1658 2635 1740 2696 atque

100 2719 255 2790 enrrjectura
269 2717 417 2788 passionis,
433 2713 580 2771 natiuitatis
592 2713 650 2784 ejus
666 2713 805 2784 exquirere
825 2708 892 2767 reri·
945 2713 1137 2785 apprulrat3an
1161 2712 1185 2768 ei
1210 2727 1289 2782 quem
1315 2710 1410 2766 eadem
1439 2711 1555 2767 Ecclesia
1580 2713 1741 2784 incognitum

101 2818 183 2867 tatem
200 2828 207 2863 z
223 2809 320 2880 qniaet
330 2808 383 2878 pati
395 2822 447 2862 nou
461 2818 538 2861 natus
551 2806 644 2876 putuit,
661 2815 687 2859 ct
698 2814 775 2859 nattis
786 2803 894 2859 ruriniute
947 2803 1083 2874 reprobat,
1107 2818 1168 2859 cnm
1196 2803 1277 2860 ctiam
1296 2800 1447 2872 proferatur
1466 2802 1500 2858 alr
1527 2802 1679 2862 homiuibus
1706 2806 1743 2862 ita

100 2883 170 2974 pati;
183 2901 328 2973 presertim
340 2900 403 2970 ipsis
413 2898 489 2954 rolris
502 2896 644 2953 latentibus
657 2895 781 2951 Decesse
792 2896 892 2966 impes·
947 2895 1096 2957 retricibus,
1112 2892 1284 2950 ntClrristum
1296 2892 1407 2950 landent
1419 2907 1479 2949 esse
1492 2895 1655 2950 tncntituml

81 2994 176 3051 'sibile
193 2992 258 3048 nihil
274 3009 280 3047 :
296 2991 366 3063 quod
387 2990 438 3046 crit
450 2998 478 3045 et
491 2988 577 3059 ipsum
598 2988 701 3054 laisum,
716 2987 737 3042 si
759 2987 809 3041 Ιιοε
827 3000 894 3042 eou-
982 2985 1097 3042 caret·
1116 2982 1160 3040 tn.
1174 3015 1209 3026 -
1223 2984 1271 3040 llic
1297 2983 1417 3040 dicturus
1437 2999 1477 3051 es,
1503 2984 1664 3058 Genealogia
1686 2989 1743 3059 ipsa

94 3085 206 3148 Astiterit,
220 3099 272 3139 nou
285 3083 402 3153 potuisse
412 3079 480 3136 tueri
493 3095 545 3134 non
558 3088 662 3135 natum.
948 3076 1134 3132 consideretur
1154 3075 1266 3130 duornnt
1281 3073 1418 3145 Evangelii
1430 3075 1576 3141 librarum,
1593 3087 1680 3133 utrum
1691 3079 1743 3136 sili

134 3174 248 3233 CAPUT
268 3172 299 3229 it.
315 3192 350 3214 —
364 3174 530 3228 Aeeusrtuus
556 3166 719 3240 respondit:
745 3166 843 3222 lterum
864 3181 896 3222 ae
949 3167 1103 3223 currucniat.
1126 3164 1185 3222 tam
1211 3165 1273 3222 irinc
1295 3166 1359 3220 alini
1382 3166 1409 3221 in
1434 3165 1485 3220 Ιιοε
1510 3182 1592 3236 apere
1616 3168 1741 3237 diriums,

99 3283 172 3339 sepe
191 3266 239 3321 tini
261 3263 404 3336 properis,
418 3260 488 3333 quud
504 3276 555 3315 non
569 3258 646 3314 audis
664 3255 752 3314 abeis
772 3256 897 3327 aquibus
949 3258 1020 3329 quod
1041 3259 1184 3314 dicendum
1209 3257 1260 3312 luit
1283 3256 1399 3329 (Supra,
1415 3255 1460 3311 lib.
1476 3260 1502 3323 5,
1518 3275 1575 3330 cap.
1590 3261 1629 3330 5).
1652 3261 1744 3332 Neque

100 3358 258 3416 contutmts.
280 3356 365 3412 Nemo
386 3354 434 3409 aiii
448 3353 526 3417 dicit,
539 3351 596 3407 Non
619 3357 725 3421 poterat
745 3349 829 3412 mori,
845 3348 896 3402 nisi
949 3348 1020 3403 enim
1034 3348 1087 3402 ros
1097 3355 1195 3412 moret,
1210 3346 1260 3402 nisi
1273 3346 1497 3417 quemadmodum
1512 3347 1580 3405 duos
1594 3360 1682 3418 patres
1695 3367 1744 3422 po·

101 3461 179 3507 natns
191 3458 263 3506 essct
277 3467 283 3503 ε
298 3449 359 3519 qnia
373 3455 493 3501 mortuus
507 3454 548 3500 est
562 3443 665 3507 Adarn,
680 3442 803 3511 quamvis
816 3451 896 3495 natus
950 3437 1030 3492 tuerit
1041 3436 1140 3492 lrabere
1150 3435 1260 3506 loseplt.
1269 3435 1346 3503 Quod
1356 3436 1379 3491 si
1389 3437 1568 3508 cogitantibus
1582 3456 1634 3496 uun
1647 3455 1744 3497 occurr-

101 3559 155 3598 nna
181 3543 281 3597 luisset.
310 3538 362 3595 Sed
385 3537 482 3593 dieitur
498 3536 545 3591 tini
562 3553 568 3590 :
588 3534 672 3589 Natns'
683 3542 735 3597 est,
759 3532 819 3603 quia
846 3530 898 3587 liae
949 3530 1031 3583 risset
1053 3544 1120 3584 unus
1134 3529 1178 3597 qui
1201 3528 1301 3598 genuit,
1320 3527 1446 3600 aliusqui
1461 3530 1607 3602 adoptarit,
1633 3549 1682 3590 nec
1703 3537 1744 3593 sie

101 3644 223 3689 sanetum
239 3629 428 3701 Euangelinm‚
442 3644 496 3683 unu
511 3625 673 3696 nescioquis
696 3623 836 3678 lunuetieus
859 3623 898 3676 ln·
949 3619 1026 3676 laeile
1039 3619 1167 3676 denutsrts
1177 3614 1305 3675 aduersus
1316 3629 1418 3675 tautam
1429 3623 1613 3679 anctoritatem
1626 3641 1744 3696 prraepm-

101 3727 190 3798 qnitnr
206 3743 213 3780 z
228 3733 347 3780 mortuus
361 3730 412 3788 εει,
425 3721 485 3792 qnia
504 3718 555 3774 Ιιοε
575 3718 601 3774 in
621 3725 715 3800 saneto
741 3714 895 3786 Evangelio,
949 3729 1041 3786 perani
1057 3713 1176 3785 prolerre
1191 3711 1351 3769 senteutiam
1365 3729 1456 3770 :nunc
1471 3730 1535 3771 rero
1553 3717 1576 3771 si
1597 3703 1639 3773 rel
1651 3716 1745 3775 admn-

102 3833 156 3872 non
172 3817 199 3872 in
209 3817 278 3872 libre
291 3813 402 3883 alicujus
418 3811 535 3866 heretici
549 3810 656 3882 legitur.
672 3807 724 3864 Sed
736 3817 763 3862 tu
778 3807 822 3878 qni
835 3821 897 3877 qno·

104 3907 180 3963 lriltes
189 3905 378 3978 argumencrri,
390 3918 450 3960 cum
459 3901 493 3958 de
505 3901 585 3957 relius
595 3900 751 3971 agiturque
763 3898 898 3971 pertinent

102 3997 135 4054 ad
149 3997 257 4059 lesum,
278 4003 305 4052 ct
319 3993 492 4066 «querendum
515 4005 610 4048 censes
634 3989 697 4061 quid
723 3989 781 4058 ipse
801 3987 835 4043 de
856 4003 896 4055 se,

103 4088 201 4160 quidue
215 4088 335 4158 Apostoli
351 4085 440 4141 stride
459 4083 554 4140 etuletn
572 4081 750 4152 praedicarint,
766 4096 826 4137 curn
841 4095 897 4136 enr-

95 4193 172 4249 ,pero
189 4177 305 4232 llattlrai
320 4174 493 4246 Euangelium
514 4174 626 4228 recitare
639 4171 751 4240 apostoli
765 4171 831 4239 ejus,
852 4169 898 4224 nbi

106 4268 224 4322 narratio
246 4265 390 4320 nativitatis
418 4263 476 4333 ejtts
504 4271 557 4316 tnta
582 4258 752 4323 cnrrtexitnr,
773 4257 899 4312 continno

105 4356 180 4411 dices
208 4355 279 4410 iliam
306 4352 485 4408 narrationem
507 4366 559 4404 ιιιιιι
582 4363 642 4404 εεεε
664 4347 796 4407 llattlnei,
819 4362 897 4418 quant

105 4444 222 4502 llattlnei
235 4458 296 4499 esse
315 4441 380 4496 dicit
402 4441 524 4495 unircrsa
542 4427 670 4500 Ecclesia,
691 4439 725 4492 alr
748 4437 899 4507 apostolicis

106 4526 900 4604 matinususqneadpraeearreseptsceposeerrasmeesstme

107 4626 245 4699 perducta.
261 4623 300 4679 Tu
313 4621 377 4678 milri
392 4621 453 4691 quid
473 4630 565 4676 cnrrtra
580 4619 697 4674 lecturus
710 4617 756 4673 esi
778 4619 898 4687 Aliquem
923 4643 924 4646 ¹

107 4716 176 4773 lorte
189 4715 283 4771 librum
298 4711 452 4778 llaniclrori,
468 4710 513 4766 ulii
526 4709 604 4766 lrrstrs
617 4719 727 4779 negatur
740 4723 800 4765 εεεε
823 4717 900 4764 nates

106 4822 139 4864 er
151 4804 347 4877 uirginc.Sieut
365 4818 428 4874 erge
451 4817 500 4873 ego
519 4800 600 4856 credo
624 4799 696 4854 illurn
723 4800 820 4855 librum
840 4815 901 4856 csse

107 4897 256 4969 llanicheci,
271 4896 396 4968 quarutanr
411 4910 442 4950 er
458 4894 515 4964 ipsu
528 4901 647 4964 tempure
666 4907 719 4964 quo
741 4891 901 4948 llaniclracus

108 4993 214 5047 uirelrat
226 4991 253 5045 iu
266 5004 357 5051 carne,
366 5003 416 5060 prr
424 4986 568 5054 discipulus
580 4985 637 5057 ejus
647 4994 719 5040 certa
732 4985 901 5041 successione

110 5082 313 5153 praepositorum
328 5088 476 5135 uestrorum
502 5077 535 5132 ad
563 5087 651 5132 restra
675 5087 759 5147 usque
781 5086 900 5146 tempera

109 5174 257 5230 custoditus
278 5183 356 5242 atque
377 5171 520 5242 perductus
532 5179 589 5234 cst;
612 5167 651 5225 sie
669 5176 695 5223 et
710 5168 789 5223 istnrn
805 5166 900 5245 librum

109 5265 210 5320 credite
235 5279 296 5320 esse
319 5262 455 5329 llattlrai,
476 5276 555 5332 qneur
577 5276 610 5315 cx
635 5258 681 5314 illu
707 5268 827 5329 ternpore
848 5273 901 5329 quo

110 5355 249 5412 llattltaens
270 5355 327 5425 ipse
350 5354 376 5408 in
397 5368 478 5409 earne
497 5352 640 5413 sirinnan
663 5351 808 5420 interrupta
831 5351 902 5407 serie

111 5456 260 5516 tenrpennu
288 5442 405 5499 Ecclesia
429 5454 500 5498 certa
530 5441 703 5498 corrnesienis
733 5440 902 5497 successione

111 5551 195 5606 nsque
212 5534 246 5590 ad
260 5543 378 5605 tempora
393 5534 442 5590 ista
456 5535 587 5605 perduxit.
611 5532 646 5589 Et
662 5533 704 5590 dic
726 5533 803 5598 milri,
825 5534 903 5604 enjrrs

111 5626 180 5686 ‚ilico
200 5625 288 5697 potiris
305 5625 416 5682 eredere
427 5625 590 5692 dolrearuus;
605 5624 697 5697 ejusne
710 5625 823 5695 apostoli
835 5667 842 5693 ,
856 5624 901 5696 qni

110 5717 218 5775 Christo
243 5715 411 5774 enoradlrne·
425 5717 534 5774 interra
557 5725 645 5784 esset,
674 5716 840 5787 adhaeserat,
865 5732 900 5774 aa

949 3804 997 3860 niti
1010 3804 1132 3875 cogitatis
1142 3820 1224 3877 quarn
1238 3798 1289 3859 lrt'rc
1302 3801 1359 3859 llerl
1376 3805 1503 3876 potnerit,
1520 3805 1663 3878 Evangelio
1677 3809 1743 3865 sitn-

950 3896 1053 3967 pliciter
1065 3895 1188 3961 credite,
1208 3905 1234 3950 et
1254 3894 1403 3966 enepotius
1423 3904 1477 3950 tam
1491 3896 1559 3952 male
1574 3912 1605 3952 ac
1619 3914 1745 3970 perverse

950 3985 1271 4057 argumentaridesistite.
1361 3987 1365 3992 “

985 4074 1098 4131 CAPUT
1110 4074 1154 4130 tv.
1170 4104 1208 4115 -
1221 4073 1297 4142 Quod
1311 4084 1399 4130 autem
1413 4085 1486 4146 putat
1501 4077 1674 4146 quaerendum
1684 4095 1745 4138 esse

950 4164 1074 4228 Faustus,
1091 4164 1154 4234 quid
1177 4163 1212 4220 dc
1234 4178 1264 4220 se
1291 4163 1369 4220 lesus
1393 4165 1450 4235 ipse
1478 4166 1678 4236 praedicaverim
1702 4171 1744 4226 cui

952 4273 1006 4313 uon
1019 4259 1118 4326 justum
1132 4255 1271 4310 rideatur?
1284 4254 1337 4311 Sed
1350 4256 1477 4326 unntquid
1490 4256 1541 4313 huc
1557 4257 1619 4313 sciri
1642 4267 1745 4331 petest,

952 4347 1002 4404 nisi
1013 4346 1150 4416 discipulis
1161 4345 1218 4415 eins
1232 4345 1419 4400 narrantibus?
1430 4346 1532 4416 Quibus
1552 4349 1574 4402 si
1591 4364 1644 4403 non
1658 4349 1747 4407 eredi-

953 4448 995 4495 tur
1005 4436 1223 4493 attinentiautilrus
1236 4436 1306 4508 qnod
1322 4435 1355 4492 dc
1370 4436 1472 4508 rirgine
1486 4446 1563 4493 iratus
1577 4438 1622 4506 sit,
1633 4455 1746 4512 quomo·

952 4529 987 4586 do
1000 4529 1039 4586 eis
1054 4527 1118 4583 lidcs
1132 4525 1274 4583 habebitur
1287 4526 1505 4582 annuntiantibus
1518 4527 1581 4599 quid
1596 4528 1675 4591 dessse
1687 4530 1745 4602 ipse

953 4618 1156 4693 praedicaverit?
1172 4619 1200 4675 st
1211 4619 1281 4674 eninr
1297 4619 1405 4690 prolatae
1419 4618 1517 4676 luerint
1529 4620 1624 4692 alique
1637 4621 1743 4691 litterar,

952 4730 1011 4785 quar
1025 4711 1099 4767 nullo
1112 4712 1165 4766 alio
1176 4720 1302 4786 narrante
1324 4711 1407 4781 ipsius
1431 4712 1538 4782 proprie
1560 4712 1658 4769 Christi
1685 4730 1746 4772 esse

953 4807 1093 4870 dieairtur;
1108 4801 1178 4860 unde
1193 4801 1248 4858 deri
1270 4809 1374 4875 pateant
1389 4814 1416 4856 ut
1428 4803 1451 4858 si
1464 4818 1527 4858 rere
1541 4804 1624 4874 ipsius
1637 4814 1744 4875 essent,

953 4913 1006 4953 ιιιιιι
1020 4895 1182 4967 legerentur,
1197 4909 1250 4949 non
1261 4895 1455 4964 acciperentur,
1471 4910 1524 4950 nnn
1543 4897 1677 4970 precipue
1691 4899 1748 4955 cni·

954 4988 1026 5043 atine
1036 4985 1201 5050 auctoritatis
1219 4987 1367 5042 eminerent
1380 4986 1407 5041 in
1420 4986 1478 5059 ejus
1490 4987 1620 5056 Ecclesia,
1634 5006 1693 5061 que
1711 4993 1748 5050 an

954 5080 1012 5150 ipso
1027 5094 1074 5150 per
1084 5078 1226 5150 Apostolos
1249 5078 1454 5135 succedentibus
1473 5080 1580 5138 silrimct
1594 5083 1745 5156 episeopis,

955 5169 1087 5242 usquead
1106 5169 1163 5226 lraec
1183 5180 1302 5240 tempora
1329 5182 1473 5242 proprgata
1491 5172 1630 5241 dilatatum
1656 5178 1748 5235 multis

955 5261 1086 5332 inceium
1099 5261 1251 5333 eompletis,
1265 5278 1325 5332 «puae
1338 5272 1400 5319 ante
1415 5263 1539 5333 predicta
1549 5276 1746 5340 strat,etusque

954 5355 982 5410 in
996 5353 1075 5408 daem
1090 5368 1149 5423 quar
1163 5361 1274 5421 restant,
1288 5354 1346 5410 sine
1358 5353 1439 5410 delrio
1451 5355 1547 5411 staturis
1560 5367 1640 5429 atque
1650 5369 1748 5415 rentur-

955 5445 991 5501 ris
1001 5445 1013 5499 l
1025 5443 1091 5514 Quia
1106 5453 1133 5501 et
1156 5445 1209 5501 illae
1224 5445 1320 5502 littere
1333 5446 1355 5503 si
1370 5446 1561 5517 proferrentur,
1576 5451 1667 5520 utique
1679 5466 1746 5508 eon-

955 5534 1127 5592 sideraudum
1142 5546 1228 5592 crata
1244 5537 1339 5607 quibus
1355 5537 1549 5611 proferrentur.
1567 5539 1595 5595 Si
1614 5540 1648 5596 alr
1670 5541 1747 5613 ipso,

957 5626 1010 5683 illis
1023 5627 1148 5699 primitus
1160 5626 1219 5684 siue
1230 5627 1312 5684 dultia
1326 5629 1439 5701 proferri
1453 5640 1615 5704 potuerunt,
1629 5634 1674 5704 qui
1686 5643 1749 5694 tuuc

956 5716 1042 5774 eidem
1055 5717 1237 5787 coherceant,
1253 5728 1280 5776 et
1301 5735 1347 5792 per
1361 5719 1420 5778 illos
1433 5721 1513 5789 ctiam
1528 5720 1562 5778 ad
1574 5723 1639 5779 alios
1656 5741 1748 5796 persc-
