3938 6360
63 210 116 273 191
174 276 176 283 ,

60 339 115 399 que
132 319 298 387 considerat,
313 316 433 389 quisquis
446 312 590 372 hlanichao
607 323 708 369 temere
728 311 850 380 credidit,

60 416 121 475 sine
132 412 296 471 dubitatione
308 408 453 480 cognoscit.
468 421 528 462 cum
541 404 574 461 de
586 405 645 467 istis
656 404 757 459 naturis
769 403 853 475 loqui·

63 517 117 573 tur,
133 507 167 562 de
179 504 256 560 bouis
267 500 425 574 quibusdam
437 514 467 556 se
480 498 561 568 loqui,
576 498 622 554 sed
637 513 688 552 nnn
704 496 815 552 summis
826 504 854 552 ιι

63 596 237 659 infabricatis,
249 594 318 648 sicttt
329 602 370 648 est
382 593 449 648 heus
461 605 512 644 una
522 587 656 654 Trinitas,
671 604 757 659 neque
769 586 854 643 dehis

64 686 198 748 fabricatis
212 702 272 758 quac
288 679 436 747 sublimiter
456 680 576 736 ordinata
597 688 675 743 sunt,
696 679 773 734 sicuti
794 686 856 734 sunt

63 778 161 852 Angeli
172 775 255 832 sancti
268 784 295 829 ιι
306 772 466 829 beatissime
476 779 639 842 potestates·
651 769 699 825 sed
712 767 745 824 de
757 767 855 824 inhmis

64 872 153 947 cipro
167 867 207 923 sui
219 864 325 939 generis
337 861 465 918 modulo
458 878 485 917 m
498 861 552 916 into
566 875 654 916 rerum
668 859 797 915 ordinatis
809 858 857 913 bo·

64 956 124 1030 nis;
134 957 266 1033 quaedum
278 963 465 1027 comparantur
474 951 665 1024 superioribus,
678 947 857 1022 vituperanda)

64 1055 99 1113 sb
111 1052 243 1126 imperitis
254 1047 456 1114 existimantur;
470 1057 497 1103 ιι
507 1035 764 1102 ιιιιιιιίοιιιὶιιιιιιιιιι
774 1058 858 1115 quan-

64 1158 121 1203 tum
134 1145 177 1201 bis
190 1143 259 1200 desit
270 1143 343 1210 boui,
358 1139 428 1212 quod
440 1138 492 1222 illis
505 1138 590 1204 adest,
604 1137 724 1208 ejusdem
736 1136 799 1192 boni
812 1135 859 1190 ab·

66 1240 152 1301 sentia
175 1238 238 1295 mali
261 1252 359 1292 nonten
381 1243 463 1289 tenet.
487 1232 520 1288 Ει
533 1246 583 1304 ege
598 1229 703 1303 quidem
718 1237 857 1301 propterea

67 1334 106 1387 sic
120 1330 156 1387 de
168 1328 227 1385 istis
241 1327 343 1383 naturis
357 1324 478 1395 disputo,
496 1323 619 1393 quoniam
638 1336 669 1377 ea
689 1320 859 1375 nominantur

11 1442 16 1449 ·
67 1438 127 1497 quur
140 1421 167 1476 in
179 1420 229 1474 hoc
242 1415 341 1473 rnundo
354 1424 417 1471 nota
429 1422 490 1468 stunt
500 1413 586 1467 nubis.
599 1410 726 1466 Novimus
736 1410 806 1466 enim
821 1418 860 1464 ιι-

67 1514 175 1579 nebras,
186 1525 278 1582 aquas,
289 1516 393 1574 uentos,
405 1506 504 1578 ignem,
516 1504 634 1569 lunium,
648 1503 770 1559 nouimus
778 1501 858 1557 etiam

68 1603 192 1662 animalia
205 1599 355 1671 serpentia,
370 1597 502 1660 natantia,
518 1595 652 1662 solantia,
667 1593 857 1667 quadrupedia,

68 1694 173 1769 bipedia
188 1711 196 1750 a
211 1693 237 1748 iu
252 1692 347 1762 quihus
360 1689 501 1756 omnihus,
514 1687 632 1757 exeeptis
648 1685 773 1750 tenebris,
789 1678 858 1756 quer,

68 1795 99 1842 ut
118 1785 190 1854 dixi,
205 1782 271 1839 nihil
291 1792 352 1837 suut
373 1779 444 1836 aliud
465 1794 543 1850 quarn
563 1778 629 1833 lucis
647 1777 784 1844 absentia,
800 1793 860 1848 qnee

70 1877 156 1933 oculis
168 1890 221 1930 non
233 1871 348 1928 ridendo
361 1869 564 1934 discernuntur,
578 1868 645 1923 sicut
663 1867 797 1923 silentium
812 1882 859 1922 au-

70 1967 145 2025 ribus
158 1981 210 2020 non
224 1961 374 2025 audiend03
391 1959 517 2030 nunquia
533 1957 649 2014 tenebrae
668 1966 729 2013 sunt
749 1956 858 2028 aliquid,

70 2058 117 2116 sed
130 2056 191 2129 quia
207 2054 251 2110 lux
267 2068 319 2108 nun
335 2059 393 2117 est;
415 2051 484 2106 sieut
507 2064 559 2103 nuu
582 2049 643 2119 quia
664 2048 797 2110 silentium
820 2055 862 2102 est

70 2149 186 2220 aliquid,
200 2145 247 2201 sed
261 2144 322 2212 qnia
337 2158 420 2196 sonus
434 2155 486 2195 uon
501 2148 541 2194 cst
555 2157 562 2193 :
578 2140 694 2208 exeeptis
707 2153 770 2209 ergo
784 2145 859 2192 teue-

71 2238 126 2295 bris
147 2238 173 2293 in
193 2237 242 2291 hac
261 2232 474 2296 enumeratione,
492 2238 596 2285 caeterae
619 2239 731 2299 nattum
743 2235 819 2294 suut,
835 2237 862 2283 ct

70 2329 193 2386 omnibus
212 2336 299 2394 notee3
319 2339 429 2403 quarum
449 2322 582 2390 speciem,
598 2321 659 2390 quia
677 2319 702 2374 iu
718 2328 860 2389 quantutu-

71 2435 184 2490 curuquc
196 2427 247 2482 est,
262 2414 400 2471 laudabilis
413 2422 439 2468 ιι
451 2413 518 2466 boua
532 2419 583 2474 est,
595 2426 673 2465 nemo
685 2409 799 2481 prudeus·
812 2410 861 2465 ab·

73 2511 171 2568 alienat
184 2510 218 2564 ab
231 2518 338 2564 auctore
353 2507 471 2562 oruniunt
486 2503 616 2559 bonorum
631 2503 694 2559 Deo.

62 2655 68 2664 .
107 2599 219 2658 CAPUT
240 2597 346 2655 xxtttt.
361 2628 395 2638 -
408 2597 453 2652 511.
471 2595 628 2649 llnnicluras
648 2611 679 2648 ca
697 2595 728 2648 iis
748 2609 805 2663 quur
822 2592 864 2646 hic

71 2694 143 2761 cidit,
157 2690 281 2747 ordt'uutu't
294 2705 339 2742 sun
354 2689 540 2759 pltarttusntutu.
554 2684 619 2740 Nam
635 2685 678 2741 the
690 2684 862 2753 ttantchnus,

71 2787 141 2845 sicut
150 2783 231 2839 noluit
242 2793 349 2836 naturas
359 2795 424 2849 quas
434 2778 476 2832 hic
487 2777 597 2832 didicit¹
609 2776 731 2831 ordinare
742 2775 767 2829 in
778 2774 862 2846 pbnn·

73 2873 229 2934 taumatibus
244 2872 315 2938 suis,
330 2870 402 2945 uelut
417 2869 443 2923 in
457 2877 536 2939 geute
551 2867 738 2935 tenebrarum,
753 2866 863 2922 omniuo

74 2968 157 3024 lalsus
179 2979 237 3020 esse
259 2961 433 3018 eorruineitur.
457 2960 563 3026 Primo,
583 2959 643 3029 quia
667 2958 783 3014 tenebre
799 2958 864 3015 nihil

72 3068 181 3132 pussant
195 3058 313 3126 gignere,
328 3061 356 3106 ut
368 3051 466 3107 dictum
479 3057 530 3106 est.
544 3047 596 3106 Sed
609 3063 661 3103 non
677 3048 752 3113 tales,
768 3048 861 3120 inquit,

73 3152 151 3210 crant
169 3143 221 3206 illas
243 3146 376 3211 tenebras,
397 3145 490 3214 quales
504 3142 546 3198 bic
560 3142 639 3197 nosti.
655 3140 730 3197 Unde
744 3157 807 3211 crgo
822 3155 865 3197 tne

74 3243 109 3299 de
120 3240 174 3297 illis
188 3236 288 3295 doeesl
301 3237 341 3291 dn
355 3233 423 3291 iorte
437 3245 490 3289 tarn
503 3233 632 3288 verbosus
646 3232 773 3287 doctrinar
787 3231 865 3302 polli-

75 3333 171 3389 citator
184 3329 258 3401 cogis
274 3335 304 3382 ut
316 3324 444 3382 credami
465 3322 518 3380 Sed
538 3323 579 3379 iac
601 3339 643 3378 nte
664 3322 783 3379 eredere.
799 3321 865 3378 thud

77 3435 164 3481 errnen
177 3423 244 3489 scio,
259 3417 329 3493 quod
343 3419 365 3474 si
378 3433 430 3474 non
445 3416 578 3472 habebant
588 3415 704 3484 aliquam
716 3414 832 3483 speciem
842 3415 866 3482 ¹,

61 3519 144 3575 'sicut
164 3518 222 3572 istae
241 3533 293 3572 nou
317 3515 428 3579 habent,
444 3509 508 3566 nihil
523 3522 651 3580 generare
667 3516 808 3579 potueruut
822 3526 828 3561 :
844 3505 867 3563 si

77 3622 165 3665 autern
180 3607 324 3674 habebant,
340 3604 464 3661 meliores
474 3608 561 3657 eraut.
574 3598 615 3656 Tu
627 3608 715 3654 autem
728 3613 787 3654 curu
801 3597 868 3653 dicis

78 3717 132 3757 non
148 3699 229 3755 luisse
244 3699 328 3765 tales,
343 3695 417 3768 quasi
432 3693 539 3765 priores
562 3691 663 3761 aliquas
686 3689 757 3745 credi
781 3689 866 3760 cupis.

79 3790 175 3849 Posses
193 3791 282 3846 dicere
300 3789 381 3845 etiam
397 3785 548 3852 silentium,
568 3781 638 3853 quod
654 3783 693 3838 sie
705 3790 747 3838 est
760 3780 869 3837 auribus

81 3893 110 3942 ut
122 3884 238 3940 tenebrat
250 3882 344 3947 nemis,
361 3879 446 3950 aliqua
460 3875 589 3937 tersurus
603 3875 645 3930 vel
660 3885 730 3930 rnuta
745 3873 868 3930 animalia

81 3976 204 4048 genuisse
218 3992 224 4028 :
239 3982 266 4027 ut
279 3988 340 4029 cum
355 3970 401 4026 tihi
413 3970 547 4025 dircrctnr
558 3982 610 4022 nou
623 3982 682 4022 esse
695 3966 808 4037 aliquam
823 3981 871 4021 nu·

82 4075 166 4122 turam
180 4064 324 4128 silentium,
335 4058 521 4132 nespondercs,
533 4058 586 4115 Sed
600 4075 651 4113 uon
664 4059 714 4113 tale
724 4059 868 4126 silentium,

82 4161 160 4232 quale
174 4159 217 4212 hic
232 4158 319 4222 nosti;
339 4165 369 4208 ut
387 4155 495 4208 omnino
514 4151 584 4224 quod
605 4151 687 4207 uelles
709 4150 812 4207 diceres
831 4151 872 4206 cis

82 4267 148 4324 quos
163 4248 255 4313 semel,
272 4260 300 4303 ut
314 4246 360 4301 tibi
374 4246 523 4310 crederent,
538 4243 700 4314 decepisses.
715 4243 870 4314 Quanquam

83 4344 109 4398 id
124 4339 194 4413 quod
215 4354 275 4394 eum
298 4336 419 4401 induxit,
440 4343 469 4388 ut
483 4334 509 4388 in
525 4334 640 4390 tenebris
658 4333 792 4404 serpentia
811 4343 871 4389 nata

84 4447 144 4490 esse
160 4428 339 4499 conlmgeret,
353 4426 379 4479 in
393 4425 457 4496 ipsis
469 4424 575 4494 quidem
592 4424 743 4493 primordiis
756 4439 871 4480 nascen-

86 4528 150 4580 tium
164 4519 249 4592 potuit
262 4516 330 4573 hene
343 4514 526 4570 animaduerti.
538 4512 591 4568 Sed
604 4520 666 4567 sunt
677 4522 817 4582 serpentes
828 4512 873 4585 qul

84 4626 138 4673 tarn
153 4621 230 4669 acute
243 4610 345 4676 uident,
360 4608 439 4663 etsie
454 4605 592 4676 prasentia
607 4595 673 4658 lucis
687 4603 829 4672 ensttltant,
846 4613 875 4660 ot

84 4706 268 4783 grauissimum
289 4699 468 4757 testimonium
483 4705 574 4752 contra
588 4711 648 4751 cum
662 4695 750 4752 dicere
766 4695 875 4752 ridean-

86 4810 138 4855 tur.
151 4795 250 4853 Deinde
264 4794 290 4848 in
304 4791 379 4863 aquis
391 4787 508 4844 natantia
522 4786 598 4842 iacile
611 4786 659 4841 suit
671 4784 715 4842 bic
724 4785 838 4852 discere,
848 4794 877 4842 ιι

58 4890 67 4900 “
86 4889 119 4945 ad
132 4888 177 4943 illa
192 4883 334 4940 transferre
346 4880 530 4952 phantasmata
541 4894 547 4943 ;
562 4878 601 4933 sic
613 4887 640 4934 et
652 4878 678 4933 iu
690 4879 775 4933 uentis
786 4878 878 4933 rolan-

85 4981 136 5041 tia,
151 4976 275 5051 quoniam
290 4973 369 5043 hujus
383 4969 522 5026 crassioris
539 4968 609 5024 aeris
628 4968 757 5039 impulsus
777 4968 804 5024 in
823 4983 878 5039 qtto

86 5086 149 5127 ares
168 5068 296 5131 uolitant,
316 5071 411 5119 uentus
425 5062 522 5117 dicitur
537 5080 544 5118 ι
560 5062 587 5117 in
602 5061 663 5133 igne
682 5075 745 5117 uero
758 5060 877 5132 quadru-

88 5163 163 5234 pedia
178 5158 248 5215 unde
262 5157 300 5212 illi
314 5156 414 5227 lingere
428 5155 454 5209 ln
469 5163 585 5211 ruentem
605 5154 710 5211 venerit
728 5154 828 5211 nescio.
845 5155 878 5210 Et

88 5264 176 5315 tamen
191 5267 243 5307 uon
260 5248 356 5305 irustra
371 5247 422 5302 boe
435 5246 519 5312 dixit,
534 5246 581 5302 scd
601 5262 695 5320 parum
708 5247 837 5314 attendit,
851 5241 879 5303 ιι

90 5343 187 5402 errarit
206 5341 293 5396 ninus.
311 5338 384 5394 lianc
405 5337 476 5393 enirn
499 5337 628 5414 rationem
648 5338 735 5394 solent
754 5338 876 5408 reddere,

122 5456 130 5489 ι
149 5454 206 5504 fuhh
215 5451 273 5525 rul
273 5464 296 5512 o
307 5463 367 5524 us
376 5447 416 5500 lus
431 5447 536 5501 dicen
594 5449 698 5514 trtglrttl
708 5457 811 5514 quatuor
824 5463 880 5504 rer·

90 5530 142 5577 sris,
155 5514 249 5580 faciles
234 5466 279 5578 [urs
289 5514 328 5563 ιιι
307 5463 431 5572 munere,
442 5518 465 5562 ιι
480 5511 534 5563 ιιι
510 5455 688 5564 F'iiddostrunsiro
702 5513 878 5578 plrrmtusnsutu.

90 5586 142 5630 tas·-
143 5581 238 5642 igautur
250 5590 280 5627 ex
293 5582 345 5625 tiss

123 5643 133 5672 ¹
150 5647 183 5690 na
195 5647 247 5689 uss
258 5632 499 5699 sustineremus

768 197 872 257 ttneh
895 199 995 257 UNUS.

1643 205 1694 266 191

907 313 977 385 quod
990 314 1174 387 quadrupedes
1185 317 1281 374 edaces
1293 317 1357 384 sint,
1370 328 1398 375 ct
1410 318 1436 374 in
1449 319 1617 376 concubitum
1629 271 1710 378 rnul-⁸

907 413 962 461 turn
977 405 1105 463 ferveant.
1120 407 1172 465 Sed
1187 409 1261 464 multi
1273 409 1397 477 ¹homines
1414 409 1543 465 edacitate
1557 424 1605 466 sua
1619 425 1699 480 supe·

907 506 967 552 rant
979 498 1124 569 quemlibet
1137 499 1344 572 quadrupedem,
1360 500 1403 572 qui
1417 511 1489 558 certe
1503 500 1613 574 bipedes
1625 513 1697 573 sunt,

908 603 975 659 quos
990 605 1043 644 non
1057 591 1140 660 ignis,
1154 592 1200 648 sed
1221 591 1286 648 lurni
1304 607 1364 648 esse
1386 593 1455 648 hlios
1467 593 1540 650 dicit.
1554 593 1699 651 numnius

908 697 974 739 nero
984 699 1036 738 nou
1048 683 1126 740 iacile
1135 685 1278 756 quidquam
1289 685 1395 744 edacius
1406 686 1539 742 invertitur
1549 703 1556 741 z
1567 701 1635 758 quos
1644 687 1701 744 sinc

909 773 937 829 in
951 772 1023 830 inmo
1036 784 1126 846 ponat,
1139 777 1200 848 quia
1213 775 1323 849 bipedes
1336 787 1413 845 sunt;
1429 778 1485 834 siue
1499 779 1525 835 in
1538 779 1623 851 aquis,
1638 779 1699 852 quis

910 876 1002 923 natare
1015 877 1123 934 amant;
1146 869 1205 925 sire
1220 869 1246 925 in
1259 869 1360 936 ventis,
1379 870 1439 941 quia
1454 870 1561 942 pennati
1576 879 1654 938 suut,
1674 879 1702 950 et

910 957 1043 1016 interdum
1058 961 1149 1017 rolant
1162 960 1214 1017 :ad
1227 961 1314 1034 ignem
1330 970 1401 1017 certe
1415 962 1559 1018 secundum
1573 962 1631 1034 ejus
1643 961 1701 1018 dis-

911 1050 1066 1107 tinctionem
1089 1067 1142 1108 non
1167 1054 1312 1123 pertinent.
1335 1051 1410 1121 Quod
1432 1062 1520 1109 autem
1541 1045 1652 1108 attinet'
1667 1052 1702 1108 ad

912 1140 1042 1197 fervorem
1056 1143 1232 1212 concubitus,
1245 1142 1326 1199 credo
1338 1159 1398 1199 eunt
1412 1142 1630 1199 animaduertisse
1645 1141 1704 1197 hin·

912 1233 1015 1290 aientes
1028 1249 1127 1305 equos,
1141 1243 1169 1290 et
1181 1250 1254 1306 saepe
1266 1233 1363 1290 morsis
1376 1231 1461 1290 irenis
1474 1243 1562 1304 raptos
1581 1233 1607 1288 iu
1624 1230 1704 1288 icnri·

912 1339 960 1380 nas
973 1344 980 1380 z
992 1325 1062 1395 quod
1074 1325 1290 1382 animadversum
1304 1325 1366 1380 dum
1380 1325 1436 1381 uult
1447 1325 1501 1381 cito
1510 1323 1637 1389 scribere,
1652 1340 1704 1379 non

912 1417 1024 1473 attendit
1038 1434 1172 1488 passerem
1188 1418 1364 1490 parietinum,
1380 1419 1407 1473 in
1420 1419 1496 1489 cujus
1507 1419 1706 1489 comparatione

912 1510 998 1582 quiris
1020 1509 1192 1565 admissarius
1216 1508 1401 1581 [rigidissimus
1426 1510 1569 1566 inuenitur.
1592 1509 1706 1579 bipedes

912 1617 977 1658 rere
992 1603 1017 1657 iu
1033 1599 1106 1657 lumo
1119 1618 1179 1657 cum
1193 1601 1278 1657 abeis
1291 1602 1420 1672 quaeritur
1438 1616 1520 1672 quare
1533 1600 1706 1664 ordinaverit,

914 1693 1077 1763 respondent
1091 1693 1189 1747 elatum
1202 1700 1229 1746 ct
1241 1692 1386 1762 superbum
1399 1706 1459 1746 csse
1470 1689 1595 1760 bipedum
1605 1705 1706 1760 genus:

913 1782 975 1838 hine
988 1783 1058 1839 enim
1075 1782 1197 1838 lrotuiues
1212 1781 1341 1853 originem
1358 1781 1464 1836 trahere
1478 1781 1568 1836 dicunt
1582 1798 1589 1836 ι
1602 1792 1627 1836 ιι
1642 1795 1709 1851 qno·

912 1875 983 1930 niam
999 1875 1085 1930 lunens
1097 1875 1225 1946 globosus
1242 1883 1269 1930 et
1282 1875 1356 1946 quasi
1378 1874 1494 1930 tumidus
1514 1874 1541 1930 in
1559 1889 1637 1929 auras
1653 1873 1708 1929 cri·

913 1965 993 2037 gitur,
1006 1965 1129 2035 superbis
1139 1982 1199 2022 esse
1209 1966 1323 2021 similem
1337 1981 1389 2021 non
1402 1966 1517 2021 absurde
1527 1966 1707 2021 attenderunt.

915 2055 979 2123 Qum
992 2055 1187 2111 animaduersio
1200 2055 1323 2111 sulficere
1334 2056 1423 2111 debuit
1439 2056 1472 2110 ad
1486 2057 1600 2126 aliquam
1611 2056 1708 2112 simili·

915 2146 1032 2202 tudinem
1047 2146 1162 2202 dandum
1175 2146 1209 2209 de
1221 2147 1344 2216 superbis
1359 2146 1522 2214 homiuibus,
1537 2148 1592 2202 sire
1606 2147 1709 2219 allego·

914 2238 980 2290 rium
1002 2236 1043 2290 uel
1067 2236 1230 2291 formandam
1254 2236 1295 2291 uel
1316 2236 1515 2306 intelligendam
1530 2255 1537 2291 :
1552 2247 1708 2294 nontamen

916 2337 944 2382 ut
967 2327 1026 2382 ideo
1049 2327 1158 2397 bipedes
1179 2327 1328 2382 animantes
1348 2327 1374 2381 in
1391 2326 1463 2382 iumo
1480 2339 1504 2383 et
1520 2326 1554 2383 de
1569 2329 1640 2382 huno
1654 2328 1708 2385 uati

914 2434 975 2476 esse
995 2419 1148 2475 credantur.
1162 2417 1231 2474 Nam
1249 2426 1277 2474 ιι
1295 2418 1321 2472 ln
1342 2418 1449 2488 pulvere
1462 2421 1534 2474 nasei
1547 2417 1709 2489 debuerunt,

915 2509 976 2580 quia
996 2524 1067 2579 saepe
1085 2523 1137 2565 non
1152 2509 1256 2563 minore
1270 2509 1371 2563 ambitu
1394 2517 1420 2564 ιι
1441 2509 1557 2565 elatione
1577 2511 1661 2582 surgit
1682 2509 1710 2568 itt

915 2600 1032 2663 coelum;
1052 2583 1124 2655 etin
1144 2598 1265 2666 nebulis,
1285 2599 1346 2669 quia
1366 2599 1522 2671 plerumque
1536 2600 1570 2656 de
1585 2610 1655 2656 terra
1673 2600 1711 2659 ita

916 2689 1091 2755 critalantur,
1107 2697 1135 2744 ut
1150 2689 1228 2760 longe
1244 2689 1407 2744 intuentihus
1422 2690 1552 2745 incertum
1571 2690 1651 2748 etiam
1668 2689 1710 2745 ia·

916 2778 998 2846 ciant,
1009 2778 1132 2834 lurnusne
1142 2794 1176 2834 au
1188 2778 1292 2834 nebula
1302 2779 1363 2834 sint.
1378 2778 1526 2847 Postremo,
1540 2796 1587 2836 cur
1597 2781 1623 2836 in
1634 2780 1711 2852 aquis

917 2879 944 2926 ιι
954 2870 1041 2926 tentis
1053 2869 1087 2926 de
1098 2869 1232 2926 habitandi
1244 2870 1370 2943 patientia
1383 2870 1417 2925 nd
1429 2869 1591 2927 habitatores
1601 2871 1712 2929 ductum

917 2969 959 3017 est
979 2970 1182 3033 argumentum,
1197 2961 1259 3032 quia
1276 2960 1398 3016 ridemus
1412 2970 1439 3017 et
1454 2961 1569 3016 natantia
1584 2962 1611 3019 iu
1624 2963 1711 3036 aquis,

917 3060 945 3108 ιι
958 3052 1072 3107 uolantia
1087 3053 1113 3109 in
1127 3051 1213 3108 uentis
1226 3051 1316 3106 uiuere
1331 3069 1338 3107 :
1354 3051 1422 3122 iguis
1438 3066 1502 3108 uero
1516 3062 1543 3108 et
1557 3051 1645 3108 lumus
1657 3068 1712 3112 non

918 3143 1048 3200 deterruit
1061 3143 1196 3199 hominem
1207 3143 1391 3209 mentientem,
1405 3151 1433 3198 ut
1446 3142 1559 3213 puderet
1571 3159 1631 3200 eum
1644 3143 1713 3202 ntes

918 3235 954 3290 ibi
964 3234 1127 3290 habitatores
1137 3234 1311 3301 constituere,
1323 3234 1419 3311 qujbus
1431 3234 1495 3289 uihil
1507 3236 1713 3292 constitueretur

918 3327 1159 3383 absurdiusillam
1182 3323 1383 3396 quadrupedem
1408 3326 1475 3397 iguis
1497 3326 1614 3382 incendit
1632 3335 1713 3398 atque

919 3418 1077 3488 corrumpit,
1092 3425 1120 3473 ιι
1132 3417 1241 3488 bipedes
1256 3416 1344 3474 turnus
1358 3417 1455 3472 οιῐοιιι
1469 3428 1549 3488 atque
1562 3422 1649 3475 necat.
1663 3417 1713 3477 Vel

920 3504 964 3563 hie
983 3517 1055 3563 certe
1074 3509 1177 3579 cogitur
1196 3506 1288 3575 lateri,
1309 3521 1339 3563 se
1352 3508 1479 3564 meliores
1492 3509 1581 3565 dicere
1595 3510 1620 3566 in
1633 3518 1714 3580 gente

921 3599 1090 3655 tenebrarum
1103 3600 1166 3655 istas
1179 3597 1261 3656 luisse
1272 3607 1390 3664 naturas,
1403 3598 1446 3653 uhi
1458 3599 1512 3655 uult
1523 3601 1612 3655 omuia
1622 3600 1714 3672 pejora

920 3693 1002 3748 credi.
1021 3691 1158 3762 Siquidem
1179 3692 1215 3748 ibi
1233 3689 1358 3764 gignebat
1380 3691 1447 3759 iguis
1467 3691 1667 3762 quadrupedem
1687 3702 1715 3749 et

922 3781 1066 3848 nutriebat,
1080 3791 1107 3839 et
1119 3782 1271 3839 continebat
1288 3781 1395 3838 innoxie
1408 3780 1540 3837 ueletiam
1554 3783 1716 3839 commodis·

922 3877 1000 3933 sime.
1017 3876 1147 3932 Similiter
1160 3885 1188 3931 ιι
1203 3874 1289 3930 iumus
1304 3873 1413 3944 bipedes
1431 3890 1494 3931 suos
1505 3874 1715 3932 clementissimo

923 3970 985 4026 sinu
999 3969 1100 4037 editos,
1124 3984 1177 4024 non
1198 3970 1283 4024 solnm
1303 3968 1362 4024 sine
1380 3969 1517 4034 molestia,
1533 3969 1580 4024 scd
1602 3970 1716 4026 ritaliter

922 4073 1002 4135 atquc
1016 4063 1182 4134 indulgenter
1195 4077 1280 4132 usque
1300 4061 1327 4117 in
1342 4061 1414 4116 illurn
1430 4062 1604 4131 principatum
1616 4063 1716 4118 educa·

923 4156 1018 4212 serat¹
1035 4165 1062 4211 et
1074 4154 1238 4210 continebat.
1253 4152 1288 4207 lta
1303 4153 1480 4208 ostenduntur
1496 4155 1546 4208 ista
1567 4153 1715 4220 mendacia,

924 4247 1155 4320 animaduersione
1175 4261 1263 4300 rcrutn
1284 4261 1343 4316 quae
1357 4244 1479 4299 ridentur
1494 4246 1519 4298 iu
1532 4245 1658 4311 mundo,¹
1669 4245 1716 4302 sed

926 4340 1013 4396 ntinns
1028 4338 1146 4408 diligenti
1161 4337 1301 4406 minusque
1315 4335 1408 4390 solerti
1428 4335 1526 4390 carnali
1548 4351 1628 4396 scusn
1650 4353 1716 4394 con·

925 4437 1011 4499 cepta.
1024 4437 1050 4483 ιι
1064 4425 1291 4498 phantasmatibus
1304 4425 1443 4494 parturita,
1459 4434 1486 4480 et
1501 4427 1649 4483 temeritate
1661 4428 1720 4485 edi·

927 4530 952 4577 ta
967 4530 1047 4591 atque
1059 4520 1210 4589 conscripta
1222 4516 1409 4574 hereticorum
1421 4535 1562 4576 numerum
1575 4521 1692 4579 auxisse.

962 4610 1076 4668 catut
1096 4608 1216 4666 xxxttt.
1228 4638 1265 4652 -
1281 4610 1326 4668 so.
1343 4608 1443 4665 Natura
1462 4613 1560 4683 ιιιιιιιι,
1581 4623 1608 4668 ιιι
1627 4624 1719 4673 naurs

927 4715 981 4772 est,
994 4704 1060 4759 loun
1072 4713 1119 4760 est.
1133 4702 1185 4760 Sed
1200 4703 1248 4760 illo
1260 4718 1360 4776 genere
1371 4705 1455 4777 magis
1470 4707 1580 4778 urgendi
1596 4717 1676 4776 sunt.
1690 4716 1720 4768 ιιι

928 4795 1090 4867 intelligant.
1105 4795 1127 4850 si
1143 4806 1271 4865 possunt,
1286 4812 1366 4867 quam
1379 4811 1442 4853 uere
1455 4797 1481 4852 iu
1493 4798 1630 4856 Catholica
1643 4801 1720 4858 dica·

929 4897 983 4957 tur,
995 4888 1113 4943 omniurn
1131 4895 1285 4946 naturarum
1305 4904 1367 4946 csse
1384 4899 1520 4948 auctorem
1539 4892 1623 4948 licum
1642 4911 1650 4951 a
1667 4909 1721 4967 que

928 4981 963 5038 de
974 4981 1093 5053 genere¹
1106 4980 1229 5051 superius
1242 4980 1364 5053 agebatis,
1380 4998 1440 5040 cum
1453 4983 1580 5050 dicerem,
1594 4984 1722 5057 llitnpero

922 5068 1018 5129 'tecum
1040 5078 1160 5142 pestem,
1184 5072 1349 5140 caecitatem,
1370 5074 1554 5130 eoenositatem
1578 5075 1720 5146 turbidum,

931 5161 1085 5218 horribilem
1099 5162 1311 5230 tetrachordum,
1326 5163 1585 5234 corruptibilitatem,
1600 5161 1725 5225 imma'ni·

931 5261 1012 5308 tatem
1024 5253 1186 5324 principum,
1200 5263 1227 5309 et
1238 5252 1281 5308 his
1292 5253 1387 5308 similia
1400 5271 1407 5307 ι
1419 5253 1496 5311 landa
1508 5264 1534 5311 tu
1547 5272 1649 5313 meeum
1664 5273 1725 5328 spe·

930 5341 1009 5410 ιίιιιι,
1021 5343 1444 5412 distinctionem,ordinationem,
1459 5361 1563 5417 pacem,
1574 5349 1723 5406 ιιιιὶιιιιιιιι

931 5455 1027 5568 magle
1036 5462 1091 5507 ttss
1102 5460 1131 5507 ιι
1142 5455 1216 5508 editio
1226 5463 1280 5507 ter
1283 5469 1373 5522 ,ιιιιιι
1384 5455 1418 5508 ttd
1424 5456 1492 5510 iihtm
1501 5459 1725 5524 principatuutcdtt·

964 5578 1125 5631 ¹uttttotm.
1138 5584 1163 5629 ιι
1179 5584 1244 5634 uss..
1255 5592 1302 5644 quo
1314 5591 1420 5644 genem
1437 5578 1537 5633 omisso
1541 5580 1602 5634 ιιι.
1630 5593 1632 5596 ’

966 5639 978 5675 ⁸
994 5642 1108 5704 terbum,
1117 5639 1239 5704 ιιιιιιιιιιιιι,
1254 5641 1294 5694 hle
1304 5655 1352 5694 nott
1363 5619 1455 5696 brbcu
1466 5646 1519 5695 itas.
