3938 6360
162 247 198 310 η
335 278 337 282 »
492 245 494 250 ’
656 231 840 292 tuhouttto
860 229 892 286 ili
912 226 1038 285 tlutttttt
1059 226 1102 282 ud
1121 225 1333 283 ttmuesdtt's.
1762 221 1798 279 id

200 357 258 418 ilis
276 371 354 436 crgo
370 353 498 416 Leviter
511 347 677 420 deiihatis,
693 347 859 408 lectorem
870 342 913 406 'ad
928 343 1072 420 subjecta
1090 344 1189 418 op'cra
1212 336 1427 418 persolvenda
1451 336 1656 399 festinantem
1674 333 1798 400 diritius

163 436 274 498 hocin
291 435 401 496 limine
425 429 581 492 remorari
597 425 685 488 nolas
698 425 855 485 ducimus.
881 422 991 501 Longe
1009 418 1151 499 proiecto
1171 416 1345 495 jucundius
1368 416 1429 477 erit
1447 415 1606 494 inspicere
1630 413 1798 477 hereseon

163 514 365 576 eversionem
375 512 452 571 iesu
464 506 581 578 Christi
599 506 718 567 virtute
735 504 776 564 ah
792 500 973 579 Augustino
988 497 1121 569 lactam;
1139 495 1177 558 de
1194 512 1260 634 qua
1273 494 1406 556 nobisld
1421 492 1526 556 dicere
1542 493 1648 566 liceat,
1663 491 1749 572 quod
1760 491 1797 554 in

116 625 120 632 ·
165 608 316 656 sermone
329 589 368 651 de
383 587 584 666 cnmctysmo
598 583 752 661 scriptum
763 580 900 658 legitur:
917 600 931 634 ι
948 577 985 638 ln
1000 575 1193 653 iliopopuio,
1218 579 1331 646 ratres,
1344 574 1375 633 in
1391 590 1457 650 quo
1468 572 1570 635 multa
1582 570 1738 634 miracula
1749 569 1799 634 ts-

167 695 181 728 n
206 670 310 732 ciebat
334 669 461 747 Moyses
485 682 542 742 per
569 663 705 740 virgam,
732 661 989 720 exsurrexerunt
1013 655 1097 732 magi
1124 651 1315 724 Pharaonis,
1344 651 1496 714 iacientes
1524 656 1556 710 et
1570 649 1632 728 ipsi
1650 646 1799 730 prodigo

167 772 182 807 ιι
207 752 319 810 eontra
336 741 562 812 lamulumlici
579 741 723 819 hinysen.
737 736 795 798 Sed
809 735 849 796 ad
860 736 919 796 hoc
927 733 1075 873 quedam
1087 733 1168 793 mira
1185 730 1289 792 iacere
1302 729 1448 808 permissi
1457 735 1544 800 sunt,
1559 733 1595 789 ut
1606 726 1791 791 mirabilius

168 851 181 885 ι
207 825 422 888 vincerentur.
448 820 533 898 hiagi
556 818 734 883 Pharaonis
759 814 837 892 quid
858 813 924 874 aliu
967 810 1202 891 significabant,
1221 809 1282 870 nisi
1305 826 1417 871 omnes
1436 807 1604 870 hereticos
1627 806 1797 870 ministros

167 929 182 964 ιι
204 903 334 976 diaboli,
349 904 404 980 qui
419 903 479 962 suh
497 897 628 959 nomine
643 895 760 957 Christi
775 893 930 954 devorare
944 891 1078 968 cupiunt
1092 889 1246 967 populum
1259 887 1376 949 Christi
1388 886 1540 948 iScateut
1554 885 1795 955 nunchtereses

165 1007 180 1041 ι
203 984 237 1044 in
256 983 340 1043 hanc
355 987 495 1050 terram,
514 982 669 1053 tanquam
692 978 856 1051 serpentes
878 985 1065 1050 magorum,
1081 985 1162 1045 quos
1189 964 1358 1028 devorarit
1381 970 1412 1026 et
1424 962 1557 1026 devorat
1582 964 1637 1025 illc
1660 980 1797 1042 serpens

163 1085 179 1119 ι
202 1061 363 1122 exaltatus
378 1059 411 1118 in
431 1056 571 1136 ligno...
593 1053 664 1113 Fuit
683 1052 745 1120 hic,
764 1056 800 1111 ut
814 1050 954 1119 nostris,
979 1045 1196 1116 dilectissimi,
1214 1044 1343 1122 viperea
1361 1043 1508 1105 doctrina
1532 1041 1798 1105 Donatistarum:

164 1163 180 1199 ι
204 1139 343 1201 contrita
360 1142 419 1208 est,
435 1137 625 1209 consumpta
639 1134 698 1191 est.
715 1129 790 1190 hiox
807 1125 1121 1189 hiaximianlstarum
1135 1123 1322 1202 serpentina
1342 1121 1429 1184 iraus
1447 1120 1640 1199 pullularit:
1657 1119 1800 1183 contrita

164 1242 179 1276 ι
202 1221 263 1290 est,
279 1231 415 1277 consum
439 1218 471 1274 ta
484 1216 543 1273 cst.
559 1209 809 1272 hianiciueorum
826 1223 985 1269 venerium
998 1203 1117 1281 aspidis
1133 1204 1341 1338 subrepserat
1356 1220 1363 1261 :
1378 1200 1552 1263 contritum
1570 1205 1630 1269 est,
1642 1215 1802 1259 consum-

164 1319 180 1354 ι
203 1299 294 1374 ptum
306 1296 366 1356 est.
379 1293 422 1353 Pe
435 1291 625 1370 arianorum
643 1305 764 1350 novum
785 1286 899 1363 dogma
914 1300 934 1346 a
954 1283 1109 1344 ministris
1130 1281 1225 1342 diaho
1239 1279 1266 1350 i,
1290 1284 1446 1357 tanquam
1466 1294 1487 1340 a
1503 1276 1604 1357 magis
1619 1275 1800 1339 Pharaonis

165 1397 180 1431 ι
204 1371 391 1442 excitatum,
408 1370 454 1444 illi
482 1376 593 1431 nostro
612 1367 753 1445 serpenti
776 1372 942 1427 certamen
968 1362 1088 1422 indixit
1104 1380 1112 1419 t
1129 1359 1324 1431 conteritur,
1338 1357 1589 1420 consumitur...
1605 1356 1687 1416 Ecce
1705 1353 1802 1416 nohis

60 1470 63 1475 ·
165 1475 180 1509 ι
203 1465 287 1512 ιιιιιιι
299 1450 414 1529 anguis
431 1447 581 1518 arianus,
593 1445 669 1506 oiim
684 1448 842 1515 mortuus,
855 1442 986 1503 insultat
1059 1438 1274 1518 redihioyses
1288 1442 1412 1507 nostem
1425 1432 1493 1496 redi
1506 1435 1595 1513 virga
1608 1454 1617 1507 ;
1634 1432 1713 1503 redi,
1729 1448 1803 1493 ser-

170 1555 184 1588 «
208 1545 286 1608 pens
313 1528 457 1597 Christe;
487 1531 617 1587 contere
643 1527 738 1601 eaput
751 1522 945 1588 draconum,
961 1520 1011 1580 dic
1023 1519 1099 1596 qnid
1116 1519 1159 1578 sis
1173 1534 1245 1578 cum
1256 1516 1348 1587 Patre
1365 1534 1373 1573 t
1388 1517 1419 1574 te
1435 1513 1604 1575 audiamus
1619 1511 1800 1583 docentem,

169 1633 182 1664 α
207 1623 272 1668 non
291 1606 474 1668 haereticum
491 1603 765 1682 blasphemantem
780 1624 793 1654 n
814 1600 905 1679 (Cup.
918 1598 949 1670 5,
962 1607 1035 1658 tom.
1049 1596 1079 1667 u,
1098 1597 1157 1656 rei.
1175 1594 1343 1673 did-diii).
1438 1672 1444 1684 1

684 1786 1301 2010 “inhonoro“

701 2084 740 2146 lli
762 2085 911 2146 LiBlthl
933 2085 985 2145 DE
1006 2081 1246 2149 llAEilESlBUS.

915 2224 1042 2286 secel&

209 2365 251 2423 sd
263 2362 433 2421 scribendum
443 2360 514 2415 isunc
532 2357 629 2414 lihrum
652 2357 771 2413 hortator
790 2367 869 2428 atque
883 2369 976 2415 auctor
995 2361 1142 2430 licgnrstino
1160 2359 1208 2415 init
1220 2359 1420 2428 Quoduiitdcus
1434 2359 1562 2415 diaconus
1574 2358 1803 2431 Carthaginensb.

174 2459 216 2516 Eo
227 2463 347 2529 spectant
358 2453 550 2520 subsequentes
561 2447 681 2518 epistole
696 2466 703 2502 ε
718 2449 801 2517 prima
812 2448 988 2513 Qirodrnltdci
1002 2459 1043 2503 est
1055 2450 1230 2519 dugrrstinum
1244 2450 1361 2519 nngantis
1376 2458 1405 2503 ut
1418 2449 1549 2505 heresum
1567 2449 1629 2505 edm
1641 2450 1805 2520 catalogum,

171 2551 293 2623 proprios
317 2547 466 2616 quibusque
478 2556 583 2598 errores
596 2555 628 2595 ac
642 2539 708 2594 ritus
720 2541 812 2609 paucis
833 2541 1073 2608 complectentem:
1095 2540 1211 2595 secrrnda
1227 2555 1290 2596 sero
1309 2540 1447 2610 hingtsstini
1469 2541 1621 2620 excusantis
1634 2542 1724 2612 operis
1736 2539 1807 2596 diiii-

167 2643 315 2705 cultatem,
330 2647 440 2704 remque
451 2632 499 2686 'ah
517 2631 576 2686 aliis
589 2638 716 2685 tentatam
727 2630 782 2699 jam
797 2645 857 2685 esse
871 2630 1049 2685 admonentis.
1074 2631 1206 2686 liescrihit
1223 2631 1440 2700 Quodvultdeus,
1455 2632 1628 2690 veliementer
1646 2633 1680 2687 alt
1694 2650 1728 2687 eo
1740 2648 1806 2688 eon·

170 2733 282 2790 tendens
295 2737 325 2784 ut
335 2727 360 2781 id
373 2739 469 2778 sirriuus
482 2720 601 2792 petitioni
613 2719 711 2791 ipsius,
729 2720 782 2772 imo
794 2719 937 2797 universali
952 2719 1085 2774 desiderio
1098 2736 1150 2775 sion
1174 2720 1297 2792 deneget.
1321 2721 1395 2777 Tunc
1408 2722 1515 2778 demum
1538 2724 1622 2777 rictus
1642 2723 1807 2792 trigustinus

170 2825 287 2890 taisorent
297 2828 424 2874 etcunnn
438 2814 464 2868 in
476 2826 506 2867 se
519 2810 611 2880 recipit
625 2810 756 2864 scribendi
769 2810 803 2865 de
817 2810 979 2875 terrestium,
994 2809 1057 2865 dum
1072 2827 1119 2881 per
1135 2812 1202 2867 alias
1219 2815 1406 2883 occrrpationes
1424 2813 1614 2877 licebit.·Nonc
1632 2816 1702 2870 enim
1716 2815 1804 2884 impo-

169 2918 219 2971 sita
229 2913 279 2984 sihi
294 2908 453 2966 nmessinte
467 2903 603 2960 reielicndi
615 2902 768 2966 iohannis,
790 2917 819 2955 se
833 2903 912 2956 etiam
933 2903 967 2957 ah
978 2904 1094 2972 lncoepts
1107 2903 1302 2974 opusculorum
1314 2919 1422 2961 suornm
1435 2906 1617 2977 recognitione
1629 2906 1639 2977 (
1649 2921 1727 2976 quarn
1744 2921 1801 2960 retu

170 3003 313 3074 plurimum
328 2997 504 3053 necessariam
515 2992 633 3063 iudicat)
645 2993 751 3046 arnoni
767 3000 892 3052 testator:
907 2990 1071 3064 additquese
1086 2994 1164 3064 hujus
1174 2996 1361 3066 recognitionis
1368 2994 1422 3051 duo
1434 2996 1569 3051 roirrruioa
1586 2997 1640 3066 jani
1656 2995 1809 3052 absolvisse

172 3093 321 3151 retractatis
330 3089 452 3142 ‹nrnnrthus
464 3085 538 3142 iihris
548 3084 614 3139 suis.
628 3083 749 3139 iheedoo
763 3084 893 3139 rotnnnno
904 3084 1009 3139 circiter
1020 3098 1119 3140 asinum
1134 3085 1232 3142 Christi
1245 3085 1296 3142 ihi
1307 3085 1423 3156 perlecta
1437 3086 1611 3142 observemus
1621 3087 1646 3140 in
1658 3098 1730 3141 torno
1746 3085 1809 3158 pri·'

70 3241 73 3245 .
173 3196 219 3243 mo
233 3202 240 3238 ι
252 3184 348 3254 quihus
358 3175 571 3247 intrantdoquidem'
586 3175 718 3245 posterior
730 3183 770 3228 est
785 3176 841 3244 ipsc
854 3175 887 3230 de
899 3174 1049 3230 iimresihus
1059 3176 1143 3241 iiber,
1155 3176 1189 3232 ad
1200 3193 1299 3233 annttm
1311 3178 1418 3234 circiter
1429 3178 1481 3234 i28
1500 3178 1667 3234 revocandus
1688 3177 1807 3234 videtur.

173 3274 309 3335 Possidins
322 3274 349 3327 in
363 3269 498 3333 indiculo,
509 3265 569 3337 cap'.
582 3267 610 3331 5,
625 3275 708 3330 mitat,
725 3266 763 3320 De
777 3266 920 3321 lieresihns
932 3266 966 3320 od
976 3268 1178 3332 Quodvultdeum
1189 3271 1342 3337 diaconem,
1356 3273 1529 3343 imperfectum
1543 3287 1616 3342 opes.
1643 3270 1676 3325 Et
1690 3269 1809 3327 tstunnn

171 3471 222 3514 trss
236 3457 321 3517 libres,
335 3453 443 3506 directos
456 3451 489 3503 od
502 3446 670 3502 i'ortonotsuu
683 3448 838 3515 episcopum,
853 3448 982 3515 replicans
994 3449 1020 3503 is
1034 3449 1070 3504 eis
1081 3451 1150 3519 qnod
1161 3452 1223 3506 oiim
1234 3450 1265 3507 B.
1278 3451 1432 3523 domuistis
1445 3453 1473 3507 la
1491 3452 1555 3506 iiiro
1570 3451 1705 3506 litereseoo
1718 3453 1811 3524 impes·

173 3554 265 3620 seuam
278 3551 357 3596 morte
369 3537 546 3593 iraterseniente
559 3536 702 3604 reliquerat.
718 3537 817 3603 Neriene
831 3537 940 3591 niteram
951 3539 1040 3607 operis
1051 3548 1172 3608 partein,
1188 3541 1222 3596 ad
1241 3542 1434 3598 ostendendum
1450 3543 1512 3615 quid
1538 3543 1692 3599 haereticum
1716 3543 1806 3610 iaciat,

119 3647 121 3651 ’
174 3639 313 3710 pollicetur
327 3627 525 3700 hiiqustiunsin
536 3625 768 3695 pro-titionistine,
781 3642 859 3696 qnam
874 3638 974 3696 portem
989 3637 1074 3684 morte
1084 3639 1235 3699 preventus
1254 3646 1307 3687 non
1321 3634 1418 3704 attigit.
1646 3616 1649 3622 ’

718 3803 1280 3846 *ὥρῳ-.-

467 3922 553 4026 De
581 3919 767 4066 enciens
805 3918 943 4021 libro
968 3910 1214 4057 epistole
1250 3931 1511 4058 quotuor.

821 4120 1008 4182 netsrots
1035 4117 1172 4205 ccxxi.
1265 4134 1268 4138 ·

257 4271 368 4327 homino
381 4272 476 4327 nterito
490 4270 633 4328 renemhili
646 4310 654 4334 ,
668 4276 696 4322 et
706 4281 767 4322 scre
780 4265 932 4319 tnnnsstnn·
943 4264 1009 4334 patri
1023 4265 1176 4320 hucusrmo
1195 4265 1322 4344 episcopo
1330 4308 1337 4332 ,
1352 4266 1568 4335 Quonrusroeus
1582 4271 1719 4327 diaconus.

213 4408 240 4459 t.
263 4404 313 4459 uto
323 4404 443 4475 trepidus
456 4404 491 4460 lul
501 4446 508 4471 ,
518 4415 545 4460 et
555 4417 637 4459 susus
650 4402 699 4456 hos
717 4413 792 4455 mem
804 4399 941 4467 aliquoties
955 4396 1044 4452 distnli
1060 4414 1066 4451 :
1083 4399 1129 4452 sed
1153 4414 1196 4453 me
1209 4400 1409 4472 principaliter,
1434 4414 1462 4460 ut
1476 4405 1528 4461 dici
1542 4406 1661 4471 assolet,
1681 4407 1808 4463 animarit

191 4490 350 4547 testitudinis
364 4501 417 4547 tuce
427 4491 609 4548 benevolentis
623 4488 747 4547 omnihus
759 4488 928 4555 oirrrprnhmn
942 4503 949 4549 ;
963 4502 1041 4557 quam
1060 4487 1122 4542 ditm
1138 4490 1294 4558 considero,
1307 4494 1390 4563 magis
1405 4495 1496 4559 timui,
1510 4511 1544 4552 ne
1564 4513 1615 4551 non
1635 4498 1750 4568 petendo
1761 4513 1808 4554 su·
1825 4534 1832 4546 ·

178 4582 292 4654 serbus,
305 4595 359 4638 non
383 4583 527 4651 querendo
544 4580 705 4646 desidiosus,
718 4594 770 4635 non
786 4578 915 4649 pulsando
930 4579 1004 4650 piger
1024 4594 1038 4633 a
1066 4579 1176 4635 iiomino
1186 4581 1329 4653 judicarer.
1342 4584 1471 4642 Suiicere
1483 4597 1572 4645 autem
1587 4591 1652 4645 mihi
1662 4590 1802 4648 crederem

133 4728 136 4732 .
180 4672 331 4748 instiusmodi
344 4672 526 4729 tantummodo
539 4672 701 4729 voluntatem
714 4714 721 4736 ,
738 4673 759 4727 si
775 4672 888 4725 irnemm
901 4670 1010 4739 adipisci
1025 4687 1078 4726 non
1091 4688 1197 4742 possem
1210 4690 1217 4728 τ
1228 4688 1288 4730 cum
1309 4687 1398 4732 autem
1411 4673 1459 4747 pro
1473 4689 1546 4736 certo
1559 4683 1697 4751 nocerim,
1710 4685 1808 4740 essina
1868 4692 1871 4697 ’

178 4765 259 4822 divini
271 4766 420 4834 musonis,
433 4765 503 4838 quod
515 4764 684 4853 venerationi
699 4773 751 4818 tute
765 4764 881 4818 coelestis
893 4764 975 4832 gratio
986 4765 1121 4834 patefecit,
1135 4774 1254 4834 paratam
1277 4782 1338 4824 esse
1357 4779 1474 4826 mentem
1489 4782 1560 4828 tusm
1575 4786 1712 4845 sarsctam,
1728 4793 1807 4846 qmsn

162 4855 298 4927 'possidet
309 4855 447 4922 Christro,
461 4872 514 4912 non
531 4855 617 4911 solttm
637 4855 739 4909 cunctis
761 4853 913 4908 roientihus
933 4853 1067 4922 pandere,
1083 4870 1175 4909 rerum
1190 4857 1270 4911 etiam
1281 4859 1450 4926 nolentibus,
1466 4873 1495 4917 ut
1509 4865 1619 4923 introire
1642 4884 1694 4923 non
1710 4871 1807 4941 pigens,

178 4946 356 5016 »eamdem
371 4947 536 5018 occupationi
550 4944 715 5001 Reuerendo
728 4953 779 4998 turc
793 4943 959 5012 multiloquio
970 4944 1105 5014 superduc
1118 4960 1219 5000 ntorum
1233 4962 1285 5003 non
1310 4948 1420 5017 faciam,
1436 4952 1483 5009 sed
1502 4954 1664 5014 desiderium
1682 4963 1809 5018 nnsqm.

181 5035 612 5096 tionismeeiireriterindieaho.
1747 5049 1750 5053 ‹

210 5128 240 5185 Ξ.
259 5129 404 5185 linnnuiios
417 5129 443 5183 iu
456 5128 530 5183 ciero
541 5125 651 5197 hrtjusm
660 5125 739 5179 etiam
756 5122 927 5192 amplissimae
941 5123 1053 5179 civitatis
1066 5139 1126 5180 csse
1146 5125 1298 5197 imperitos,
1313 5145 1345 5184 es
1363 5133 1477 5204 meipso
1491 5135 1605 5207 conjicio
1618 5153 1625 5201 ;
1639 5146 1668 5193 er
1680 5149 1808 5210 quanqum

177 5222 303 5278 unirerso
317 5222 356 5277 ilii
371 5221 456 5276 ordini
470 5218 637 5290 prolaturum
652 5216 687 5269 sit
699 5214 769 5286 quod
782 5225 898 5282 expeto,
916 5213 1119 5270 considerationi
1132 5215 1285 5274 sanctitatis
1306 5228 1357 5276 luae
1377 5221 1572 5281 discutiendum
1585 5226 1678 5284 oiiero.
1696 5230 1809 5287 Pririic·

177 5311 222 5384 qio
236 5327 350 5382 namque
362 5320 517 5366 cunctorum
530 5308 574 5378 qni
587 5304 637 5361 hoc
650 5304 684 5362 de
699 5304 878 5376 spiritualibus
893 5304 945 5358 tuis
958 5303 1091 5360 laboribus
1102 5318 1294 5376 promerentur,
1304 5312 1384 5368 etiam
1399 5329 1442 5370 me
1456 5315 1591 5387 indignum
1602 5295 1809 5376 consecuturum

175 5418 236 5460 csse
249 5417 395 5473 mmunm,
409 5400 517 5456 domine
532 5397 627 5454 merito
639 5396 798 5452 venerahilis
808 5435 816 5458 ,
828 5405 856 5450 ct
869 5409 931 5451 rere
944 5394 1094 5451 beatissime
1113 5406 1197 5466 pater.
1220 5399 1317 5457 Precor
1332 5403 1410 5472 igitur
1423 5404 1617 5463 heatitudinens
1631 5418 1721 5477 trram,
1736 5417 1765 5465 nt
1775 5424 1810 5465 ex

174 5507 230 5564 quo
240 5491 384 5549 christiane
397 5489 491 5572 religio
505 5487 667 5546 inmeditatis
680 5486 815 5558 promisere
835 5502 931 5542 sirinien
956 5487 1068 5558 accepit.
1079 5504 1137 5561 quse
1152 5489 1268 5547 hareses
1283 5492 1396 5562 luerint,
1410 5483 1464 5552 sint
1476 5515 1484 5564 ;
1495 5514 1563 5570 qnos
1580 5515 1686 5557 errores
1710 5500 1809 5558 intule-

176 5583 245 5654 rint,
257 5584 386 5649 ichemu
402 5581 466 5654 qnid
480 5581 609 5638 adsersus
621 5577 776 5635 eetirolicam
789 5577 934 5634 Ecclesiam
948 5579 1095 5644 senserint,
1110 5581 1242 5648 sentiant,
1254 5582 1287 5639 de
1306 5582 1373 5652 ilde,
1389 5585 1423 5643 de
1436 5586 1581 5656 Trinitate,
1596 5590 1630 5647 de
1650 5591 1804 5664 Baptismo,
