<?xml version="1.0" encoding="UTF-8"?>
<!DOCTYPE html PUBLIC "-//W3C//DTD XHTML 1.0 Transitional//EN"
    "http://www.w3.org/TR/xhtml1/DTD/xhtml1-transitional.dtd">
<html xmlns="http://www.w3.org/1999/xhtml" xml:lang="en" lang="en">
 <head>
  <title>
</title>
<meta http-equiv="Content-Type" content="text/html;charset=utf-8" />
  <meta name='ocr-system' content='tesseract 3.04.00' />
  <meta name='ocr-capabilities' content='ocr_page ocr_carea ocr_par ocr_line ocrx_word'/>
</head>
<body>
  <div class='ocr_page' id='page_1' title='image "./sanctiaureliiau03augugoog/sanctiaureliiau03augugoog_0479.png"; bbox 0 0 3938 6360; ppageno 0'>
   <div class='ocr_carea' id='block_1_1' title="bbox 166 251 218 308">
    <p class='ocr_par' dir='ltr' id='par_1_1' title="bbox 166 251 218 308">
     <span class='ocr_line' id='line_1_1' title="bbox 166 251 218 308; baseline -0.038 0"><span class='ocrx_word' id='word_1_1' title='bbox 166 251 218 308; x_wconf 66' lang='lat' dir='ltr'><strong>lli</strong></span> 
     </span>
    </p>
   </div>
   <div class='ocr_carea' id='block_1_2' title="bbox 119 440 965 4478">
    <p class='ocr_par' dir='ltr' id='par_1_2' title="bbox 119 440 965 4478">
     <span class='ocr_line' id='line_1_2' title="bbox 167 440 950 516; baseline -0.013 -13"><span class='ocrx_word' id='word_1_2' title='bbox 167 463 255 506; x_wconf 80' lang='lat' dir='ltr'><strong>autem</strong></span> <span class='ocrx_word' id='word_1_3' title='bbox 271 449 304 503; x_wconf 91' lang='lat' dir='ltr'><strong>ad</strong></span> <span class='ocrx_word' id='word_1_4' title='bbox 316 444 432 516; x_wconf 90' lang='lat' dir='ltr'><strong>aliquid,</strong></span> <span class='ocrx_word' id='word_1_5' title='bbox 448 460 499 500; x_wconf 93' lang='lat' dir='ltr'><strong>non</strong></span> <span class='ocrx_word' id='word_1_6' title='bbox 514 444 732 510; x_wconf 90' lang='lat' dir='ltr'><strong>substantialiter,</strong></span> <span class='ocrx_word' id='word_1_7' title='bbox 752 442 798 498; x_wconf 91' lang='lat' dir='ltr'><strong>scd</strong></span> <span class='ocrx_word' id='word_1_8' title='bbox 820 440 950 497; x_wconf 78' lang='lat' dir='ltr'>relative:</span> 
     </span>
     <span class='ocr_line' id='line_1_3' title="bbox 168 532 954 608; baseline -0.014 -14"><span class='ocrx_word' id='word_1_9' title='bbox 168 550 319 608; x_wconf 71' lang='lat' dir='ltr'><strong>tantamque</strong></span> <span class='ocrx_word' id='word_1_10' title='bbox 336 539 388 592; x_wconf 83' lang='lat' dir='ltr'><strong>vim</strong></span> <span class='ocrx_word' id='word_1_11' title='bbox 410 550 470 592; x_wconf 87' lang='lat' dir='ltr'><strong>esse</strong></span> <span class='ocrx_word' id='word_1_12' title='bbox 489 535 607 606; x_wconf 83' lang='lat' dir='ltr'><strong>ejusdem</strong></span> <span class='ocrx_word' id='word_1_13' title='bbox 627 533 780 590; x_wconf 73' lang='lat' dir='ltr'><strong>substantiae</strong></span> <span class='ocrx_word' id='word_1_14' title='bbox 794 533 820 586; x_wconf 93' lang='lat' dir='ltr'><strong>in</strong></span> <span class='ocrx_word' id='word_1_15' title='bbox 835 532 913 586; x_wconf 86' lang='lat' dir='ltr'><strong>Putre</strong></span> <span class='ocrx_word' id='word_1_16' title='bbox 926 535 954 583; x_wconf 88' lang='grc' dir='ltr'><strong>ει</strong></span> 
     </span>
     <span class='ocr_line' id='line_1_4' title="bbox 168 619 953 696; baseline -0.018 -8"><span class='ocrx_word' id='word_1_17' title='bbox 168 629 236 688; x_wconf 82' lang='lat' dir='ltr'><strong>Filio</strong></span> <span class='ocrx_word' id='word_1_18' title='bbox 248 637 274 682; x_wconf 92' lang='lat' dir='ltr'><strong>et</strong></span> <span class='ocrx_word' id='word_1_19' title='bbox 287 627 386 696; x_wconf 76' lang='lat' dir='ltr'><strong>Spiritu</strong></span> <span class='ocrx_word' id='word_1_20' title='bbox 399 636 508 692; x_wconf 86' lang='lat' dir='ltr'><strong>sancte,</strong></span> <span class='ocrx_word' id='word_1_21' title='bbox 524 635 554 680; x_wconf 93' lang='lat' dir='ltr'><strong>ut</strong></span> <span class='ocrx_word' id='word_1_22' title='bbox 566 624 692 696; x_wconf 93' lang='lat' dir='ltr'><strong>quidquid</strong></span> <span class='ocrx_word' id='word_1_23' title='bbox 706 623 740 679; x_wconf 92' lang='lat' dir='ltr'><strong>de</strong></span> <span class='ocrx_word' id='word_1_24' title='bbox 752 621 862 692; x_wconf 90' lang='lat' dir='ltr'><strong>singulis</strong></span> <span class='ocrx_word' id='word_1_25' title='bbox 875 619 910 674; x_wconf 91' lang='lat' dir='ltr'><strong>ad</strong></span> <span class='ocrx_word' id='word_1_26' title='bbox 924 633 953 674; x_wconf 89' lang='lat' dir='ltr'><strong>se</strong></span> 
     </span>
     <span class='ocr_line' id='line_1_5' title="bbox 168 708 954 789; baseline -0.014 -16"><span class='ocrx_word' id='word_1_27' title='bbox 168 720 240 789; x_wconf 88' lang='lat' dir='ltr'><strong>ipses</strong></span> <span class='ocrx_word' id='word_1_28' title='bbox 254 716 359 784; x_wconf 87' lang='lat' dir='ltr'><strong>dicitur,</strong></span> <span class='ocrx_word' id='word_1_29' title='bbox 372 731 425 771; x_wconf 92' lang='lat' dir='ltr'><strong>non</strong></span> <span class='ocrx_word' id='word_1_30' title='bbox 437 716 575 786; x_wconf 72' lang='lat' dir='ltr'><strong>pluraliter</strong></span> <span class='ocrx_word' id='word_1_31' title='bbox 586 715 612 770; x_wconf 93' lang='lat' dir='ltr'><strong>in</strong></span> <span class='ocrx_word' id='word_1_32' title='bbox 626 728 741 777; x_wconf 89' lang='lat' dir='ltr'><strong>summa,</strong></span> <span class='ocrx_word' id='word_1_33' title='bbox 755 711 802 767; x_wconf 89' lang='lat' dir='ltr'><strong>sed</strong></span> <span class='ocrx_word' id='word_1_34' title='bbox 815 708 954 781; x_wconf 85' lang='lat' dir='ltr'><strong>singulari·</strong></span> 
     </span>
     <span class='ocr_line' id='line_1_6' title="bbox 160 802 952 876; baseline -0.01 -15"><span class='ocrx_word' id='word_1_35' title='bbox 160 816 210 869; x_wconf 85' lang='lat' dir='ltr'><strong>¹ter</strong></span> <span class='ocrx_word' id='word_1_36' title='bbox 224 807 375 876; x_wconf 86' lang='lat' dir='ltr'><strong>accipiatur.</strong></span> <span class='ocrx_word' id='word_1_37' title='bbox 389 804 615 873; x_wconf 79' lang='lat' dir='ltr'><strong>Quemadmodum</strong></span> <span class='ocrx_word' id='word_1_38' title='bbox 634 805 705 860; x_wconf 86' lang='lat' dir='ltr'><strong>enim</strong></span> <span class='ocrx_word' id='word_1_39' title='bbox 719 803 797 858; x_wconf 84' lang='lat' dir='ltr'><strong>Pater</strong></span> <span class='ocrx_word' id='word_1_40' title='bbox 810 802 880 856; x_wconf 85' lang='lat' dir='ltr'><strong>Deus</strong></span> <span class='ocrx_word' id='word_1_41' title='bbox 894 808 952 864; x_wconf 89' lang='grc' dir='ltr'>εει,</span> 
     </span>
     <span class='ocr_line' id='line_1_7' title="bbox 168 889 954 966; baseline -0.01 -13"><span class='ocrx_word' id='word_1_42' title='bbox 168 906 195 953; x_wconf 92' lang='grc' dir='ltr'><strong>ει</strong></span> <span class='ocrx_word' id='word_1_43' title='bbox 209 898 292 954; x_wconf 81' lang='lat' dir='ltr'><strong>Filius</strong></span> <span class='ocrx_word' id='word_1_44' title='bbox 302 898 371 954; x_wconf 87' lang='lat' dir='ltr'><strong>Deus</strong></span> <span class='ocrx_word' id='word_1_45' title='bbox 381 906 431 962; x_wconf 91' lang='lat' dir='ltr'><strong>cst,</strong></span> <span class='ocrx_word' id='word_1_46' title='bbox 446 905 473 952; x_wconf 90' lang='lat' dir='ltr'><strong>et</strong></span> <span class='ocrx_word' id='word_1_47' title='bbox 484 896 597 966; x_wconf 77' lang='lat' dir='ltr'><strong>Spiritus</strong></span> <span class='ocrx_word' id='word_1_48' title='bbox 609 903 715 950; x_wconf 85' lang='lat' dir='ltr'><strong>sanetus</strong></span> <span class='ocrx_word' id='word_1_49' title='bbox 727 893 799 949; x_wconf 84' lang='lat' dir='ltr'><strong>Dens</strong></span> <span class='ocrx_word' id='word_1_50' title='bbox 812 900 869 957; x_wconf 89' lang='lat' dir='ltr'><strong>est,</strong></span> <span class='ocrx_word' id='word_1_51' title='bbox 883 889 954 960; x_wconf 94' lang='lat' dir='ltr'><strong>quod</strong></span> 
     </span>
     <span class='ocr_line' id='line_1_8' title="bbox 168 976 953 1045; baseline -0.01 -1"><span class='ocrx_word' id='word_1_52' title='bbox 168 989 313 1045; x_wconf 90' lang='lat' dir='ltr'><strong>secundum</strong></span> <span class='ocrx_word' id='word_1_53' title='bbox 327 988 501 1045; x_wconf 85' lang='lat' dir='ltr'><strong>substantiam</strong></span> <span class='ocrx_word' id='word_1_54' title='bbox 511 976 653 1042; x_wconf 72' lang='lat' dir='ltr'><strong>dici&#39;nemo</strong></span> <span class='ocrx_word' id='word_1_55' title='bbox 663 983 765 1039; x_wconf 89' lang='lat' dir='ltr'><strong>dubitat</strong></span> <span class='ocrx_word' id='word_1_56' title='bbox 779 998 786 1037; x_wconf 90' lang='lat'>:</span> <span class='ocrx_word' id='word_1_57' title='bbox 802 989 953 1038; x_wconf 87' lang='lat' dir='ltr'><strong>nontamen</strong></span> 
     </span>
     <span class='ocr_line' id='line_1_9' title="bbox 167 1072 954 1145; baseline -0.013 -11"><span class='ocrx_word' id='word_1_58' title='bbox 167 1088 224 1135; x_wconf 87' lang='lat' dir='ltr'><strong>tres</strong></span> <span class='ocrx_word' id='word_1_59' title='bbox 235 1079 310 1145; x_wconf 88' lang='lat' dir='ltr'><strong>dees,</strong></span> <span class='ocrx_word' id='word_1_60' title='bbox 323 1077 369 1134; x_wconf 90' lang='lat' dir='ltr'><strong>sed</strong></span> <span class='ocrx_word' id='word_1_61' title='bbox 384 1093 463 1132; x_wconf 91' lang='lat' dir='ltr'><strong>unum</strong></span> <span class='ocrx_word' id='word_1_62' title='bbox 478 1076 562 1131; x_wconf 84' lang='lat' dir='ltr'><strong>licum</strong></span> <span class='ocrx_word' id='word_1_63' title='bbox 575 1074 689 1130; x_wconf 89' lang='lat' dir='ltr'><strong>dicimus</strong></span> <span class='ocrx_word' id='word_1_64' title='bbox 709 1087 767 1128; x_wconf 87' lang='lat' dir='ltr'><strong>earn</strong></span> <span class='ocrx_word' id='word_1_65' title='bbox 783 1072 867 1141; x_wconf 81' lang='lat' dir='ltr'><strong>ipsam</strong></span> <span class='ocrx_word' id='word_1_66' title='bbox 886 1084 954 1139; x_wconf 78' lang='lat' dir='ltr'><strong>prae·</strong></span> 
     </span>
     <span class='ocr_line' id='line_1_10' title="bbox 169 1164 953 1235; baseline -0.009 -11"><span class='ocrx_word' id='word_1_67' title='bbox 169 1170 358 1224; x_wconf 77' lang='lat' dir='ltr'><strong>amatissimam</strong></span> <span class='ocrx_word' id='word_1_68' title='bbox 376 1168 544 1223; x_wconf 85' lang='lat' dir='ltr'><strong>Trinitatem.</strong></span> <span class='ocrx_word' id='word_1_69' title='bbox 563 1166 601 1222; x_wconf 92' lang='lat' dir='ltr'><strong>lta</strong></span> <span class='ocrx_word' id='word_1_70' title='bbox 618 1179 729 1235; x_wconf 87' lang='lat' dir='ltr'><strong>magnus</strong></span> <span class='ocrx_word' id='word_1_71' title='bbox 741 1164 830 1227; x_wconf 88' lang='lat' dir='ltr'><strong>Pater,</strong></span> <span class='ocrx_word' id='word_1_72' title='bbox 843 1176 953 1232; x_wconf 90' lang='lat' dir='ltr'><strong>magnus</strong></span> 
     </span>
     <span class='ocr_line' id='line_1_11' title="bbox 159 1257 955 1329; baseline -0.01 -16"><span class='ocrx_word' id='word_1_73' title='bbox 159 1258 263 1325; x_wconf 69' lang='lat' dir='ltr'><strong>Filius,</strong></span> <span class='ocrx_word' id='word_1_74' title='bbox 277 1273 388 1329; x_wconf 88' lang='lat' dir='ltr'><strong>magnus</strong></span> <span class='ocrx_word' id='word_1_75' title='bbox 399 1257 511 1327; x_wconf 87' lang='lat' dir='ltr'><strong>Spiritus</strong></span> <span class='ocrx_word' id='word_1_76' title='bbox 521 1265 646 1311; x_wconf 88' lang='lat' dir='ltr'><strong>sanetus:</strong></span> <span class='ocrx_word' id='word_1_77' title='bbox 662 1269 715 1308; x_wconf 90' lang='lat' dir='ltr'><strong>non</strong></span> <span class='ocrx_word' id='word_1_78' title='bbox 731 1263 817 1307; x_wconf 89' lang='lat' dir='ltr'><strong>tamen</strong></span> <span class='ocrx_word' id='word_1_79' title='bbox 832 1260 885 1306; x_wconf 92' lang='lat' dir='ltr'><strong>tres</strong></span> <span class='ocrx_word' id='word_1_80' title='bbox 896 1265 955 1305; x_wconf 92' lang='lat' dir='ltr'><strong>ma·</strong></span> 
     </span>
     <span class='ocr_line' id='line_1_12' title="bbox 168 1340 952 1419; baseline -0.011 -15"><span class='ocrx_word' id='word_1_81' title='bbox 168 1351 224 1419; x_wconf 88' lang='lat' dir='ltr'><strong>gni,</strong></span> <span class='ocrx_word' id='word_1_82' title='bbox 240 1349 287 1405; x_wconf 89' lang='lat' dir='ltr'><strong>sed</strong></span> <span class='ocrx_word' id='word_1_83' title='bbox 300 1363 368 1404; x_wconf 87' lang='lat' dir='ltr'><strong>unus</strong></span> <span class='ocrx_word' id='word_1_84' title='bbox 381 1363 500 1418; x_wconf 88' lang='lat' dir='ltr'><strong>magnus.</strong></span> <span class='ocrx_word' id='word_1_85' title='bbox 514 1346 572 1402; x_wconf 87' lang='lat' dir='ltr'><strong>Nou</strong></span> <span class='ocrx_word' id='word_1_86' title='bbox 585 1345 656 1401; x_wconf 90' lang='lat' dir='ltr'><strong>enim</strong></span> <span class='ocrx_word' id='word_1_87' title='bbox 667 1343 701 1399; x_wconf 92' lang='lat' dir='ltr'><strong>de</strong></span> <span class='ocrx_word' id='word_1_88' title='bbox 714 1343 791 1397; x_wconf 84' lang='lat' dir='ltr'><strong>Patre</strong></span> <span class='ocrx_word' id='word_1_89' title='bbox 802 1342 869 1406; x_wconf 90' lang='lat' dir='ltr'><strong>sole,</strong></span> <span class='ocrx_word' id='word_1_90' title='bbox 886 1340 952 1397; x_wconf 89' lang='lat' dir='ltr'><strong>sicut</strong></span> 
     </span>
     <span class='ocr_line' id='line_1_13' title="bbox 169 1430 954 1510; baseline -0.013 -14"><span class='ocrx_word' id='word_1_91' title='bbox 169 1441 208 1496; x_wconf 91' lang='lat' dir='ltr'><strong>illi</strong></span> <span class='ocrx_word' id='word_1_92' title='bbox 222 1454 345 1510; x_wconf 86' lang='lat' dir='ltr'><strong>perverse</strong></span> <span class='ocrx_word' id='word_1_93' title='bbox 357 1440 490 1504; x_wconf 89' lang='lat' dir='ltr'><strong>sentiuut;</strong></span> <span class='ocrx_word' id='word_1_94' title='bbox 505 1437 551 1494; x_wconf 87' lang='lat' dir='ltr'><strong>sed</strong></span> <span class='ocrx_word' id='word_1_95' title='bbox 563 1437 598 1493; x_wconf 91' lang='lat' dir='ltr'><strong>de</strong></span> <span class='ocrx_word' id='word_1_96' title='bbox 609 1437 688 1492; x_wconf 87' lang='lat' dir='ltr'><strong>Patre</strong></span> <span class='ocrx_word' id='word_1_97' title='bbox 699 1444 726 1491; x_wconf 92' lang='grc' dir='ltr'><strong>ει</strong></span> <span class='ocrx_word' id='word_1_98' title='bbox 735 1434 803 1490; x_wconf 76' lang='lat' dir='ltr'><strong>sitta</strong></span> <span class='ocrx_word' id='word_1_99' title='bbox 812 1441 839 1488; x_wconf 92' lang='grc' dir='ltr'><strong>ει</strong></span> <span class='ocrx_word' id='word_1_100' title='bbox 852 1430 954 1503; x_wconf 87' lang='lat' dir='ltr'><strong>Spiritu</strong></span> 
     </span>
     <span class='ocr_line' id='line_1_14' title="bbox 169 1520 953 1599; baseline -0.013 -15"><span class='ocrx_word' id='word_1_101' title='bbox 169 1539 262 1584; x_wconf 84' lang='lat' dir='ltr'><strong>saneto</strong></span> <span class='ocrx_word' id='word_1_102' title='bbox 274 1529 402 1599; x_wconf 89' lang='lat' dir='ltr'><strong>seriptum</strong></span> <span class='ocrx_word' id='word_1_103' title='bbox 414 1537 465 1593; x_wconf 91' lang='grc' dir='ltr'>εει,</span> <span class='ocrx_word' id='word_1_104' title='bbox 479 1526 519 1581; x_wconf 81' lang='lat' dir='ltr'><strong>Tu</strong></span> <span class='ocrx_word' id='word_1_105' title='bbox 534 1543 560 1581; x_wconf 87' lang='grc' dir='ltr'><strong>εε</strong></span> <span class='ocrx_word' id='word_1_106' title='bbox 574 1526 642 1580; x_wconf 76' lang='lat' dir='ltr'><strong>deus</strong></span> <span class='ocrx_word' id='word_1_107' title='bbox 655 1525 724 1579; x_wconf 85' lang='lat' dir='ltr'><strong>solus</strong></span> <span class='ocrx_word' id='word_1_108' title='bbox 736 1540 840 1594; x_wconf 85' lang='lat' dir='ltr'><strong>nrupnus</strong></span> <span class='ocrx_word' id='word_1_109' title='bbox 860 1520 953 1595; x_wconf 84' lang='lat' dir='ltr'><strong>(Paul.</strong></span> 
     </span>
     <span class='ocr_line' id='line_1_15' title="bbox 171 1613 955 1691; baseline -0.013 -15"><span class='ocrx_word' id='word_1_110' title='bbox 171 1637 267 1686; x_wconf 79' lang='lat' dir='ltr'><strong>aaran,</strong></span> <span class='ocrx_word' id='word_1_111' title='bbox 282 1621 335 1691; x_wconf 82' lang='lat' dir='ltr'><strong>ld).</strong></span> <span class='ocrx_word' id='word_1_112' title='bbox 351 1620 386 1675; x_wconf 85' lang='lat' dir='ltr'><strong>Et</strong></span> <span class='ocrx_word' id='word_1_113' title='bbox 398 1620 483 1675; x_wconf 91' lang='lat' dir='ltr'><strong>benus</strong></span> <span class='ocrx_word' id='word_1_114' title='bbox 497 1619 584 1682; x_wconf 88' lang='lat' dir='ltr'><strong>Pater,</strong></span> <span class='ocrx_word' id='word_1_115' title='bbox 596 1618 681 1674; x_wconf 86' lang='lat' dir='ltr'><strong>bentts</strong></span> <span class='ocrx_word' id='word_1_116' title='bbox 692 1616 784 1679; x_wconf 85' lang='lat' dir='ltr'><strong>Filius,</strong></span> <span class='ocrx_word' id='word_1_117' title='bbox 800 1615 885 1671; x_wconf 90' lang='lat' dir='ltr'><strong>bonus</strong></span> <span class='ocrx_word' id='word_1_118' title='bbox 896 1613 955 1683; x_wconf 85' lang='lat' dir='ltr'><strong>Spi-</strong></span> 
     </span>
     <span class='ocr_line' id='line_1_16' title="bbox 162 1704 955 1776; baseline -0.01 -10"><span class='ocrx_word' id='word_1_119' title='bbox 162 1712 237 1766; x_wconf 85' lang='lat' dir='ltr'><strong>ritus</strong></span> <span class='ocrx_word' id='word_1_120' title='bbox 250 1719 357 1765; x_wconf 89' lang='lat' dir='ltr'><strong>sanctus</strong></span> <span class='ocrx_word' id='word_1_121' title='bbox 371 1727 377 1764; x_wconf 93' lang='lat'>:</span> <span class='ocrx_word' id='word_1_122' title='bbox 392 1725 441 1764; x_wconf 90' lang='lat' dir='ltr'><strong>nec</strong></span> <span class='ocrx_word' id='word_1_123' title='bbox 454 1720 507 1764; x_wconf 90' lang='lat' dir='ltr'><strong>tres</strong></span> <span class='ocrx_word' id='word_1_124' title='bbox 520 1709 593 1776; x_wconf 81' lang='lat' dir='ltr'><strong>birni,</strong></span> <span class='ocrx_word' id='word_1_125' title='bbox 607 1707 654 1762; x_wconf 91' lang='lat' dir='ltr'><strong>sed</strong></span> <span class='ocrx_word' id='word_1_126' title='bbox 668 1722 736 1763; x_wconf 89' lang='lat' dir='ltr'><strong>unus</strong></span> <span class='ocrx_word' id='word_1_127' title='bbox 749 1715 790 1762; x_wconf 86' lang='lat' dir='ltr'><strong>est</strong></span> <span class='ocrx_word' id='word_1_128' title='bbox 804 1706 906 1770; x_wconf 92' lang='lat' dir='ltr'><strong>bonus,</strong></span> <span class='ocrx_word' id='word_1_129' title='bbox 922 1704 955 1758; x_wconf 92' lang='lat' dir='ltr'><strong>dc</strong></span> 
     </span>
     <span class='ocr_line' id='line_1_17' title="bbox 169 1795 955 1871; baseline -0.01 -15"><span class='ocrx_word' id='word_1_130' title='bbox 169 1816 223 1871; x_wconf 91' lang='lat' dir='ltr'><strong>quo</strong></span> <span class='ocrx_word' id='word_1_131' title='bbox 235 1801 334 1856; x_wconf 87' lang='lat' dir='ltr'><strong>dietum</strong></span> <span class='ocrx_word' id='word_1_132' title='bbox 346 1809 397 1866; x_wconf 97' lang='grc' dir='ltr'>εει,</span> <span class='ocrx_word' id='word_1_133' title='bbox 413 1798 494 1855; x_wconf 86' lang='lat' dir='ltr'><strong>Nemo</strong></span> <span class='ocrx_word' id='word_1_134' title='bbox 509 1798 747 1865; x_wconf 64' lang='lat' dir='ltr'><strong>tansmisimus</strong></span> <span class='ocrx_word' id='word_1_135' title='bbox 761 1795 839 1850; x_wconf 80' lang='lat' dir='ltr'><strong>Deus.</strong></span> <span class='ocrx_word' id='word_1_136' title='bbox 853 1795 955 1850; x_wconf 81' lang='lat' dir='ltr'><strong>Etenim</strong></span> 
     </span>
     <span class='ocr_line' id='line_1_18' title="bbox 170 1887 957 1961; baseline -0.01 -14"><span class='ocrx_word' id='word_1_137' title='bbox 170 1893 299 1949; x_wconf 84' lang='lat' dir='ltr'><strong>Dominus</strong></span> <span class='ocrx_word' id='word_1_138' title='bbox 308 1893 395 1958; x_wconf 83' lang='lat' dir='ltr'><strong>lesus,</strong></span> <span class='ocrx_word' id='word_1_139' title='bbox 411 1909 443 1947; x_wconf 94' lang='lat' dir='ltr'><strong>ne</strong></span> <span class='ocrx_word' id='word_1_140' title='bbox 457 1893 491 1948; x_wconf 89' lang='lat' dir='ltr'><strong>ab</strong></span> <span class='ocrx_word' id='word_1_141' title='bbox 506 1891 551 1946; x_wconf 90' lang='lat' dir='ltr'><strong>illo</strong></span> <span class='ocrx_word' id='word_1_142' title='bbox 563 1891 608 1961; x_wconf 92' lang='lat' dir='ltr'><strong>qui</strong></span> <span class='ocrx_word' id='word_1_143' title='bbox 621 1889 742 1955; x_wconf 81' lang='lat' dir='ltr'><strong>dixerat,</strong></span> <span class='ocrx_word' id='word_1_144' title='bbox 762 1887 884 1958; x_wconf 80' lang='lat' dir='ltr'><strong>liupirter</strong></span> <span class='ocrx_word' id='word_1_145' title='bbox 896 1888 957 1940; x_wconf 82' lang='lat' dir='ltr'><strong>lone</strong></span> 
     </span>
     <span class='ocr_line' id='line_1_19' title="bbox 170 1980 955 2055; baseline -0.006 -18"><span class='ocrx_word' id='word_1_146' title='bbox 170 1983 253 2053; x_wconf 81' lang='lat' dir='ltr'><strong>(Luc.</strong></span> <span class='ocrx_word' id='word_1_147' title='bbox 267 2002 345 2052; x_wconf 82' lang='lat' dir='ltr'><strong>strat,</strong></span> <span class='ocrx_word' id='word_1_148' title='bbox 358 1985 402 2052; x_wconf 83' lang='lat' dir='ltr'><strong>lii,</strong></span> <span class='ocrx_word' id='word_1_149' title='bbox 416 1985 478 2055; x_wconf 80' lang='lat' dir='ltr'><strong>ts),</strong></span> <span class='ocrx_word' id='word_1_150' title='bbox 492 1994 615 2054; x_wconf 87' lang='lat' dir='ltr'><strong>tanquam</strong></span> <span class='ocrx_word' id='word_1_151' title='bbox 630 1981 764 2037; x_wconf 90' lang='lat' dir='ltr'><strong>bominem</strong></span> <span class='ocrx_word' id='word_1_152' title='bbox 776 1980 955 2049; x_wconf 84' lang='lat' dir='ltr'><strong>compellans,</strong></span> 
     </span>
     <span class='ocr_line' id='line_1_20' title="bbox 160 2067 957 2140; baseline -0.003 -16"><span class='ocrx_word' id='word_1_153' title='bbox 160 2074 319 2129; x_wconf 79' lang='lat' dir='ltr'><strong>seeundum</strong></span> <span class='ocrx_word' id='word_1_154' title='bbox 333 2074 469 2130; x_wconf 90' lang='lat' dir='ltr'><strong>bominem</strong></span> <span class='ocrx_word' id='word_1_155' title='bbox 483 2071 668 2129; x_wconf 90' lang='lat' dir='ltr'><strong>tantummodo</strong></span> <span class='ocrx_word' id='word_1_156' title='bbox 681 2070 881 2140; x_wconf 71' lang='lat' dir='ltr'><strong>intelligeretur,</strong></span> <span class='ocrx_word' id='word_1_157' title='bbox 896 2067 957 2124; x_wconf 86' lang='lat' dir='ltr'><strong>ideo</strong></span> 
     </span>
     <span class='ocr_line' id='line_1_21' title="bbox 172 2156 957 2231; baseline -0.013 -12"><span class='ocrx_word' id='word_1_158' title='bbox 172 2180 224 2220; x_wconf 84' lang='lat' dir='ltr'><strong>iren</strong></span> <span class='ocrx_word' id='word_1_159' title='bbox 243 2166 296 2231; x_wconf 91' lang='lat' dir='ltr'><strong>ait,</strong></span> <span class='ocrx_word' id='word_1_160' title='bbox 316 2165 400 2222; x_wconf 87' lang='lat' dir='ltr'><strong>Nema</strong></span> <span class='ocrx_word' id='word_1_161' title='bbox 414 2167 517 2230; x_wconf 91' lang='lat' dir='ltr'><strong>benus,</strong></span> <span class='ocrx_word' id='word_1_162' title='bbox 536 2164 587 2219; x_wconf 88' lang='lat' dir='ltr'><strong>nisi</strong></span> <span class='ocrx_word' id='word_1_163' title='bbox 601 2163 674 2218; x_wconf 91' lang='lat' dir='ltr'><strong>solus</strong></span> <span class='ocrx_word' id='word_1_164' title='bbox 687 2162 781 2229; x_wconf 80' lang='lat' dir='ltr'><strong>Pater3</strong></span> <span class='ocrx_word' id='word_1_165' title='bbox 797 2158 860 2225; x_wconf 87' lang='lat' dir='ltr'><strong>scd,</strong></span> <span class='ocrx_word' id='word_1_166' title='bbox 875 2156 957 2212; x_wconf 84' lang='lat' dir='ltr'><strong>Nemo</strong></span> 
     </span>
     <span class='ocr_line' id='line_1_22' title="bbox 171 2250 958 2320; baseline -0.008 -12"><span class='ocrx_word' id='word_1_167' title='bbox 171 2254 260 2319; x_wconf 76' lang='lat' dir='ltr'><strong>betrus,</strong></span> <span class='ocrx_word' id='word_1_168' title='bbox 270 2256 319 2309; x_wconf 86' lang='lat' dir='ltr'><strong>nisi</strong></span> <span class='ocrx_word' id='word_1_169' title='bbox 331 2272 395 2310; x_wconf 84' lang='lat' dir='ltr'><strong>unus</strong></span> <span class='ocrx_word' id='word_1_170' title='bbox 407 2255 483 2310; x_wconf 82' lang='lat' dir='ltr'><strong>Deua.</strong></span> <span class='ocrx_word' id='word_1_171' title='bbox 495 2255 523 2309; x_wconf 92' lang='lat' dir='ltr'><strong>ln</strong></span> <span class='ocrx_word' id='word_1_172' title='bbox 532 2254 619 2309; x_wconf 88' lang='lat' dir='ltr'><strong>Patris</strong></span> <span class='ocrx_word' id='word_1_173' title='bbox 628 2252 700 2309; x_wconf 83' lang='lat' dir='ltr'><strong>euim</strong></span> <span class='ocrx_word' id='word_1_174' title='bbox 712 2250 830 2317; x_wconf 84' lang='lat' dir='ltr'><strong>nomine,</strong></span> <span class='ocrx_word' id='word_1_175' title='bbox 841 2250 897 2320; x_wconf 89' lang='lat' dir='ltr'><strong>ipse</strong></span> <span class='ocrx_word' id='word_1_176' title='bbox 909 2262 958 2318; x_wconf 83' lang='lat' dir='ltr'><strong>per</strong></span> 
     </span>
     <span class='ocr_line' id='line_1_23' title="bbox 171 2340 958 2416; baseline -0.008 -16"><span class='ocrx_word' id='word_1_177' title='bbox 171 2360 201 2400; x_wconf 92' lang='lat' dir='ltr'><strong>se</strong></span> <span class='ocrx_word' id='word_1_178' title='bbox 214 2346 293 2401; x_wconf 87' lang='lat' dir='ltr'><strong>Pater</strong></span> <span class='ocrx_word' id='word_1_179' title='bbox 306 2347 489 2416; x_wconf 87' lang='lat' dir='ltr'><strong>pronuntiatur</strong></span> <span class='ocrx_word' id='word_1_180' title='bbox 503 2363 510 2399; x_wconf 76' lang='grc' dir='ltr'>ι</span> <span class='ocrx_word' id='word_1_181' title='bbox 525 2347 551 2400; x_wconf 93' lang='lat' dir='ltr'><strong>in</strong></span> <span class='ocrx_word' id='word_1_182' title='bbox 566 2346 612 2401; x_wconf 85' lang='lat' dir='ltr'><strong>liei</strong></span> <span class='ocrx_word' id='word_1_183' title='bbox 624 2357 704 2407; x_wconf 82' lang='lat' dir='ltr'><strong>uero,</strong></span> <span class='ocrx_word' id='word_1_184' title='bbox 719 2351 746 2398; x_wconf 93' lang='lat' dir='ltr'><strong>ct</strong></span> <span class='ocrx_word' id='word_1_185' title='bbox 764 2343 821 2412; x_wconf 88' lang='lat' dir='ltr'><strong>ipse</strong></span> <span class='ocrx_word' id='word_1_186' title='bbox 832 2350 859 2396; x_wconf 90' lang='lat' dir='ltr'><strong>et</strong></span> <span class='ocrx_word' id='word_1_187' title='bbox 872 2340 958 2396; x_wconf 81' lang='lat' dir='ltr'><strong>Filius</strong></span> 
     </span>
     <span class='ocr_line' id='line_1_24' title="bbox 165 2429 958 2506; baseline -0.006 -16"><span class='ocrx_word' id='word_1_188' title='bbox 165 2444 198 2490; x_wconf 85' lang='grc' dir='ltr'><strong>ει</strong></span> <span class='ocrx_word' id='word_1_189' title='bbox 212 2435 326 2505; x_wconf 88' lang='lat' dir='ltr'><strong>Spiritus</strong></span> <span class='ocrx_word' id='word_1_190' title='bbox 346 2445 472 2501; x_wconf 90' lang='lat' dir='ltr'><strong>sanctus,</strong></span> <span class='ocrx_word' id='word_1_191' title='bbox 496 2436 556 2506; x_wconf 91' lang='lat' dir='ltr'><strong>quia</strong></span> <span class='ocrx_word' id='word_1_192' title='bbox 569 2435 686 2491; x_wconf 86' lang='lat' dir='ltr'><strong>Trinitas</strong></span> <span class='ocrx_word' id='word_1_193' title='bbox 708 2447 775 2490; x_wconf 92' lang='lat' dir='ltr'><strong>unus</strong></span> <span class='ocrx_word' id='word_1_194' title='bbox 793 2432 873 2488; x_wconf 85' lang='lat' dir='ltr'><strong>Deus.</strong></span> <span class='ocrx_word' id='word_1_195' title='bbox 886 2429 958 2487; x_wconf 88' lang='lat' dir='ltr'><strong>Situs</strong></span> 
     </span>
     <span class='ocr_line' id='line_1_25' title="bbox 172 2520 956 2596; baseline -0.009 -15"><span class='ocrx_word' id='word_1_196' title='bbox 172 2541 247 2593; x_wconf 82' lang='lat' dir='ltr'><strong>sero,</strong></span> <span class='ocrx_word' id='word_1_197' title='bbox 265 2535 291 2581; x_wconf 93' lang='grc' dir='ltr'><strong>ει</strong></span> <span class='ocrx_word' id='word_1_198' title='bbox 304 2525 427 2592; x_wconf 86' lang='lat' dir='ltr'><strong>babitus,</strong></span> <span class='ocrx_word' id='word_1_199' title='bbox 448 2535 475 2581; x_wconf 90' lang='lat' dir='ltr'><strong>ct</strong></span> <span class='ocrx_word' id='word_1_200' title='bbox 497 2527 572 2591; x_wconf 86' lang='lat' dir='ltr'><strong>laea,</strong></span> <span class='ocrx_word' id='word_1_201' title='bbox 588 2534 615 2581; x_wconf 92' lang='lat' dir='ltr'><strong>et</strong></span> <span class='ocrx_word' id='word_1_202' title='bbox 628 2533 759 2596; x_wconf 89' lang='lat' dir='ltr'><strong>tempora,</strong></span> <span class='ocrx_word' id='word_1_203' title='bbox 772 2538 827 2578; x_wconf 91' lang='lat' dir='ltr'><strong>noa</strong></span> <span class='ocrx_word' id='word_1_204' title='bbox 840 2520 956 2591; x_wconf 85' lang='lat' dir='ltr'><strong>proprie,</strong></span> 
     </span>
     <span class='ocr_line' id='line_1_26' title="bbox 171 2612 957 2689; baseline -0.013 -14"><span class='ocrx_word' id='word_1_205' title='bbox 171 2620 219 2675; x_wconf 87' lang='lat' dir='ltr'><strong>sed</strong></span> <span class='ocrx_word' id='word_1_206' title='bbox 242 2619 367 2674; x_wconf 88' lang='lat' dir='ltr'><strong>translate</strong></span> <span class='ocrx_word' id='word_1_207' title='bbox 389 2633 422 2675; x_wconf 91' lang='lat' dir='ltr'><strong>ae</strong></span> <span class='ocrx_word' id='word_1_208' title='bbox 442 2634 492 2689; x_wconf 90' lang='lat' dir='ltr'><strong>per</strong></span> <span class='ocrx_word' id='word_1_209' title='bbox 513 2617 698 2673; x_wconf 80' lang='lat' dir='ltr'><strong>similitudines</strong></span> <span class='ocrx_word' id='word_1_210' title='bbox 716 2615 840 2671; x_wconf 88' lang='lat' dir='ltr'><strong>dicuutur</strong></span> <span class='ocrx_word' id='word_1_211' title='bbox 852 2613 879 2667; x_wconf 92' lang='lat' dir='ltr'><strong>in</strong></span> <span class='ocrx_word' id='word_1_212' title='bbox 893 2612 957 2667; x_wconf 86' lang='lat' dir='ltr'><strong>beo.</strong></span> 
     </span>
     <span class='ocr_line' id='line_1_27' title="bbox 171 2702 955 2779; baseline -0.011 -14"><span class='ocrx_word' id='word_1_213' title='bbox 171 2711 237 2767; x_wconf 83' lang='lat' dir='ltr'><strong>Nam</strong></span> <span class='ocrx_word' id='word_1_214' title='bbox 252 2719 279 2766; x_wconf 92' lang='lat' dir='ltr'><strong>et</strong></span> <span class='ocrx_word' id='word_1_215' title='bbox 290 2709 384 2773; x_wconf 84' lang='lat' dir='ltr'><strong>sedere</strong></span> <span class='ocrx_word' id='word_1_216' title='bbox 394 2702 474 2779; x_wconf 89' lang='lat' dir='ltr'><strong>super</strong></span> <span class='ocrx_word' id='word_1_217' title='bbox 487 2708 631 2765; x_wconf 82' lang='lat' dir='ltr'><strong>Cherubim</strong></span> <span class='ocrx_word' id='word_1_218' title='bbox 645 2707 742 2763; x_wconf 90' lang='lat' dir='ltr'><strong>dieitur</strong></span> <span class='ocrx_word' id='word_1_219' title='bbox 758 2703 849 2776; x_wconf 80' lang='lat' dir='ltr'><strong>(Paul.</strong></span> <span class='ocrx_word' id='word_1_220' title='bbox 865 2716 955 2767; x_wconf 82' lang='lat' dir='ltr'><strong>txxrx,</strong></span> 
     </span>
     <span class='ocr_line' id='line_1_28' title="bbox 171 2797 960 2870; baseline -0.015 -13"><span class='ocrx_word' id='word_1_221' title='bbox 171 2801 216 2869; x_wconf 67' lang='lat' dir='ltr'><strong>2l;</strong></span> <span class='ocrx_word' id='word_1_222' title='bbox 230 2799 301 2870; x_wconf 89' lang='lat' dir='ltr'><strong>quod</strong></span> <span class='ocrx_word' id='word_1_223' title='bbox 317 2799 350 2854; x_wconf 88' lang='lat' dir='ltr'><strong>ad</strong></span> <span class='ocrx_word' id='word_1_224' title='bbox 363 2800 443 2855; x_wconf 88' lang='lat' dir='ltr'><strong>situm</strong></span> <span class='ocrx_word' id='word_1_225' title='bbox 457 2799 553 2854; x_wconf 88' lang='lat' dir='ltr'><strong>dieitur</strong></span> <span class='ocrx_word' id='word_1_226' title='bbox 567 2816 574 2852; x_wconf 76' lang='lat' dir='ltr'>t</span> <span class='ocrx_word' id='word_1_227' title='bbox 591 2806 618 2853; x_wconf 94' lang='lat' dir='ltr'><strong>et</strong></span> <span class='ocrx_word' id='word_1_228' title='bbox 628 2797 753 2869; x_wconf 78' lang='lat' dir='ltr'><strong>abyssum</strong></span> <span class='ocrx_word' id='word_1_229' title='bbox 776 2804 900 2864; x_wconf 86' lang='lat' dir='ltr'><strong>tanquam</strong></span> <span class='ocrx_word' id='word_1_230' title='bbox 913 2805 960 2846; x_wconf 83' lang='lat' dir='ltr'><strong>ue·</strong></span> 
     </span>
     <span class='ocr_line' id='line_1_29' title="bbox 171 2881 957 2960; baseline -0.013 -16"><span class='ocrx_word' id='word_1_231' title='bbox 171 2890 326 2944; x_wconf 88' lang='lat' dir='ltr'><strong>stimentum</strong></span> <span class='ocrx_word' id='word_1_232' title='bbox 340 2887 453 2944; x_wconf 89' lang='lat' dir='ltr'><strong>amictus</strong></span> <span class='ocrx_word' id='word_1_233' title='bbox 463 2885 548 2960; x_wconf 77' lang='lat' dir='ltr'><strong>(Pani.</strong></span> <span class='ocrx_word' id='word_1_234' title='bbox 563 2901 619 2950; x_wconf 88' lang='lat' dir='ltr'><strong>cru,</strong></span> <span class='ocrx_word' id='word_1_235' title='bbox 632 2885 677 2955; x_wconf 67' lang='grc' dir='ltr'>(εις</span> <span class='ocrx_word' id='word_1_236' title='bbox 689 2883 759 2955; x_wconf 93' lang='lat' dir='ltr'><strong>qued</strong></span> <span class='ocrx_word' id='word_1_237' title='bbox 772 2884 806 2938; x_wconf 90' lang='lat' dir='ltr'><strong>ad</strong></span> <span class='ocrx_word' id='word_1_238' title='bbox 817 2881 935 2938; x_wconf 83' lang='lat' dir='ltr'><strong>habitum</strong></span> <span class='ocrx_word' id='word_1_239' title='bbox 950 2897 957 2934; x_wconf 81' lang='lat' dir='ltr'><strong>r</strong></span> 
     </span>
     <span class='ocr_line' id='line_1_30' title="bbox 171 2970 959 3047; baseline -0.015 -12"><span class='ocrx_word' id='word_1_240' title='bbox 171 2989 208 3045; x_wconf 89' lang='lat' dir='ltr'><strong>et,</strong></span> <span class='ocrx_word' id='word_1_241' title='bbox 221 2979 287 3033; x_wconf 80' lang='lat' dir='ltr'><strong>Anni</strong></span> <span class='ocrx_word' id='word_1_242' title='bbox 300 2979 337 3032; x_wconf 91' lang='lat' dir='ltr'><strong>tui</strong></span> <span class='ocrx_word' id='word_1_243' title='bbox 350 2994 401 3033; x_wconf 88' lang='lat' dir='ltr'><strong>non</strong></span> <span class='ocrx_word' id='word_1_244' title='bbox 415 2978 530 3041; x_wconf 66' lang='lat' dir='ltr'><strong>deficient</strong></span> <span class='ocrx_word' id='word_1_245' title='bbox 543 2974 628 3047; x_wconf 83' lang='lat' dir='ltr'><strong>(Ptol.</strong></span> <span class='ocrx_word' id='word_1_246' title='bbox 639 2990 676 3042; x_wconf 85' lang='lat' dir='ltr'><strong>et,</strong></span> <span class='ocrx_word' id='word_1_247' title='bbox 689 2973 735 3044; x_wconf 72' lang='lat'><strong>28)</strong></span> <span class='ocrx_word' id='word_1_248' title='bbox 745 2989 753 3039; x_wconf 88' lang='lat'><strong>;</strong></span> <span class='ocrx_word' id='word_1_249' title='bbox 764 2972 835 3043; x_wconf 92' lang='lat' dir='ltr'><strong>quod</strong></span> <span class='ocrx_word' id='word_1_250' title='bbox 847 2970 881 3026; x_wconf 90' lang='lat' dir='ltr'><strong>ad</strong></span> <span class='ocrx_word' id='word_1_251' title='bbox 892 2978 959 3026; x_wconf 84' lang='grc' dir='ltr'>ιειιι·</span> 
     </span>
     <span class='ocr_line' id='line_1_31' title="bbox 162 3061 958 3140; baseline -0.014 -15"><span class='ocrx_word' id='word_1_252' title='bbox 162 3084 221 3140; x_wconf 82' lang='lat' dir='ltr'><strong>pus</strong></span> <span class='ocrx_word' id='word_1_253' title='bbox 229 3087 236 3124; x_wconf 78' lang='lat' dir='ltr'><strong>r</strong></span> <span class='ocrx_word' id='word_1_254' title='bbox 244 3076 281 3134; x_wconf 89' lang='lat' dir='ltr'><strong>et,</strong></span> <span class='ocrx_word' id='word_1_255' title='bbox 294 3069 325 3124; x_wconf 80' lang='lat' dir='ltr'><strong>Si</strong></span> <span class='ocrx_word' id='word_1_256' title='bbox 334 3065 607 3130; x_wconf 74' lang='lat' dir='ltr'><strong>anenecrcincoetum,</strong></span> <span class='ocrx_word' id='word_1_257' title='bbox 618 3073 644 3118; x_wconf 88' lang='lat' dir='ltr'><strong>ta</strong></span> <span class='ocrx_word' id='word_1_258' title='bbox 652 3064 686 3118; x_wconf 82' lang='lat' dir='ltr'><strong>iti</strong></span> <span class='ocrx_word' id='word_1_259' title='bbox 695 3080 720 3118; x_wconf 81' lang='lat' dir='ltr'><strong>er</strong></span> <span class='ocrx_word' id='word_1_260' title='bbox 731 3061 818 3133; x_wconf 71' lang='lat' dir='ltr'><strong>(aaut.</strong></span> <span class='ocrx_word' id='word_1_261' title='bbox 827 3074 958 3126; x_wconf 77' lang='lat' dir='ltr'><strong>cruatur,</strong></span> 
     </span>
     <span class='ocr_line' id='line_1_32' title="bbox 160 3150 959 3228; baseline -0.013 -15"><span class='ocrx_word' id='word_1_262' title='bbox 160 3158 218 3228; x_wconf 70' lang='grc'><strong>48),</strong></span> <span class='ocrx_word' id='word_1_263' title='bbox 230 3156 301 3228; x_wconf 91' lang='lat' dir='ltr'><strong>qued</strong></span> <span class='ocrx_word' id='word_1_264' title='bbox 314 3155 347 3211; x_wconf 89' lang='lat' dir='ltr'><strong>ad</strong></span> <span class='ocrx_word' id='word_1_265' title='bbox 360 3156 457 3212; x_wconf 86' lang='lat' dir='ltr'><strong>locum.</strong></span> <span class='ocrx_word' id='word_1_266' title='bbox 471 3154 548 3222; x_wconf 89' lang='lat' dir='ltr'><strong>Quod</strong></span> <span class='ocrx_word' id='word_1_267' title='bbox 567 3161 656 3209; x_wconf 90' lang='lat' dir='ltr'><strong>autem</strong></span> <span class='ocrx_word' id='word_1_268' title='bbox 677 3151 710 3206; x_wconf 89' lang='lat' dir='ltr'><strong>ad</strong></span> <span class='ocrx_word' id='word_1_269' title='bbox 732 3150 883 3207; x_wconf 87' lang='lat' dir='ltr'><strong>laciendum</strong></span> <span class='ocrx_word' id='word_1_270' title='bbox 897 3150 959 3204; x_wconf 90' lang='lat' dir='ltr'><strong>atti·</strong></span> 
     </span>
     <span class='ocr_line' id='line_1_33' title="bbox 173 3237 960 3314; baseline -0.01 -13"><span class='ocrx_word' id='word_1_271' title='bbox 173 3257 229 3314; x_wconf 89' lang='lat' dir='ltr'><strong>net,</strong></span> <span class='ocrx_word' id='word_1_272' title='bbox 249 3246 369 3301; x_wconf 91' lang='lat' dir='ltr'><strong>lortassis</strong></span> <span class='ocrx_word' id='word_1_273' title='bbox 383 3244 417 3300; x_wconf 91' lang='lat' dir='ltr'><strong>de</strong></span> <span class='ocrx_word' id='word_1_274' title='bbox 437 3244 494 3299; x_wconf 90' lang='lat' dir='ltr'><strong>solo</strong></span> <span class='ocrx_word' id='word_1_275' title='bbox 515 3243 571 3298; x_wconf 82' lang='lat' dir='ltr'><strong>lieo</strong></span> <span class='ocrx_word' id='word_1_276' title='bbox 589 3241 727 3297; x_wconf 81' lang='lat' dir='ltr'><strong>uerissime</strong></span> <span class='ocrx_word' id='word_1_277' title='bbox 749 3239 852 3294; x_wconf 85' lang='lat' dir='ltr'><strong>dieatur</strong></span> <span class='ocrx_word' id='word_1_278' title='bbox 866 3255 873 3292; x_wconf 76' lang='grc' dir='ltr'><strong>ε</strong></span> <span class='ocrx_word' id='word_1_279' title='bbox 887 3237 960 3294; x_wconf 82' lang='grc' dir='ltr'>εοΙιιε</span> 
     </span>
     <span class='ocr_line' id='line_1_34' title="bbox 173 3328 960 3401; baseline -0.011 -12"><span class='ocrx_word' id='word_1_280' title='bbox 173 3335 245 3390; x_wconf 76' lang='lat' dir='ltr'><strong>arim</strong></span> <span class='ocrx_word' id='word_1_281' title='bbox 257 3334 328 3389; x_wconf 85' lang='lat' dir='ltr'><strong>Deus</strong></span> <span class='ocrx_word' id='word_1_282' title='bbox 341 3332 404 3388; x_wconf 91' lang='lat' dir='ltr'><strong>lacit</strong></span> <span class='ocrx_word' id='word_1_283' title='bbox 417 3332 515 3401; x_wconf 89' lang='lat' dir='ltr'><strong>etipse</strong></span> <span class='ocrx_word' id='word_1_284' title='bbox 533 3329 585 3386; x_wconf 90' lang='lat' dir='ltr'><strong>n&#39;on</strong></span> <span class='ocrx_word' id='word_1_285' title='bbox 601 3330 645 3397; x_wconf 83' lang='lat' dir='ltr'><strong>lu,</strong></span> <span class='ocrx_word' id='word_1_286' title='bbox 661 3343 747 3400; x_wconf 89' lang='lat' dir='ltr'><strong>neque</strong></span> <span class='ocrx_word' id='word_1_287' title='bbox 763 3328 863 3399; x_wconf 87' lang='lat' dir='ltr'><strong>patitur</strong></span> <span class='ocrx_word' id='word_1_288' title='bbox 876 3342 960 3398; x_wconf 94' lang='lat' dir='ltr'><strong>quan-</strong></span> 
     </span>
     <span class='ocr_line' id='line_1_35' title="bbox 174 3417 961 3492; baseline -0.009 -13"><span class='ocrx_word' id='word_1_289' title='bbox 174 3434 230 3479; x_wconf 91' lang='lat' dir='ltr'><strong>tum</strong></span> <span class='ocrx_word' id='word_1_290' title='bbox 242 3423 276 3479; x_wconf 89' lang='lat' dir='ltr'><strong>ad</strong></span> <span class='ocrx_word' id='word_1_291' title='bbox 289 3423 346 3492; x_wconf 78' lang='lat' dir='ltr'><strong>eius</strong></span> <span class='ocrx_word' id='word_1_292' title='bbox 358 3423 534 3480; x_wconf 88' lang='lat' dir='ltr'><strong>substantiam</strong></span> <span class='ocrx_word' id='word_1_293' title='bbox 551 3421 665 3492; x_wconf 83' lang='lat' dir='ltr'><strong>pertinet</strong></span> <span class='ocrx_word' id='word_1_294' title='bbox 684 3433 736 3490; x_wconf 90' lang='lat' dir='ltr'><strong>qua</strong></span> <span class='ocrx_word' id='word_1_295' title='bbox 757 3419 828 3475; x_wconf 82' lang='lat' dir='ltr'><strong>Deus</strong></span> <span class='ocrx_word' id='word_1_296' title='bbox 841 3427 892 3474; x_wconf 90' lang='grc' dir='ltr'>εει.</span> <span class='ocrx_word' id='word_1_297' title='bbox 907 3417 961 3473; x_wconf 88' lang='lat' dir='ltr'><strong>lta·</strong></span> 
     </span>
     <span class='ocr_line' id='line_1_36' title="bbox 161 3507 961 3584; baseline -0.005 -16"><span class='ocrx_word' id='word_1_298' title='bbox 161 3512 402 3584; x_wconf 89' lang='lat' dir='ltr'><strong>queomnipotens</strong></span> <span class='ocrx_word' id='word_1_299' title='bbox 412 3511 501 3577; x_wconf 85' lang='lat' dir='ltr'><strong>Pater,</strong></span> <span class='ocrx_word' id='word_1_300' title='bbox 510 3511 676 3581; x_wconf 90' lang='lat' dir='ltr'><strong>omnipotens</strong></span> <span class='ocrx_word' id='word_1_301' title='bbox 686 3510 780 3576; x_wconf 81' lang='lat' dir='ltr'><strong>Filius,</strong></span> <span class='ocrx_word' id='word_1_302' title='bbox 791 3507 961 3579; x_wconf 90' lang='lat' dir='ltr'><strong>omnipotens</strong></span> 
     </span>
     <span class='ocr_line' id='line_1_37' title="bbox 128 3597 960 3673; baseline -0.007 -15"><span class='ocrx_word' id='word_1_303' title='bbox 128 3620 131 3626; x_wconf 66' lang='grc'>’</span> <span class='ocrx_word' id='word_1_304' title='bbox 175 3600 291 3673; x_wconf 87' lang='lat' dir='ltr'><strong>Spiritus</strong></span> <span class='ocrx_word' id='word_1_305' title='bbox 308 3609 416 3658; x_wconf 88' lang='lat' dir='ltr'><strong>sanctus</strong></span> <span class='ocrx_word' id='word_1_306' title='bbox 427 3617 434 3655; x_wconf 75' lang='grc' dir='ltr'><strong>ι</strong></span> <span class='ocrx_word' id='word_1_307' title='bbox 446 3615 496 3659; x_wconf 87' lang='lat' dir='ltr'><strong>nen</strong></span> <span class='ocrx_word' id='word_1_308' title='bbox 511 3608 599 3658; x_wconf 74' lang='lat' dir='ltr'><strong>umen</strong></span> <span class='ocrx_word' id='word_1_309' title='bbox 614 3610 669 3657; x_wconf 90' lang='lat' dir='ltr'><strong>tres</strong></span> <span class='ocrx_word' id='word_1_310' title='bbox 682 3600 898 3670; x_wconf 82' lang='lat' dir='ltr'><strong>omnipotentes,</strong></span> <span class='ocrx_word' id='word_1_311' title='bbox 912 3597 960 3653; x_wconf 87' lang='lat' dir='ltr'><strong>sed</strong></span> 
     </span>
     <span class='ocr_line' id='line_1_38' title="bbox 175 3689 962 3763; baseline -0.006 -14"><span class='ocrx_word' id='word_1_312' title='bbox 175 3707 243 3750; x_wconf 87' lang='lat' dir='ltr'><strong>unus</strong></span> <span class='ocrx_word' id='word_1_313' title='bbox 253 3691 442 3763; x_wconf 83' lang='lat' dir='ltr'><strong>Omnipotens,</strong></span> <span class='ocrx_word' id='word_1_314' title='bbox 455 3708 488 3748; x_wconf 78' lang='lat' dir='ltr'><strong>ea</strong></span> <span class='ocrx_word' id='word_1_315' title='bbox 502 3708 551 3761; x_wconf 87' lang='lat' dir='ltr'><strong>qua</strong></span> <span class='ocrx_word' id='word_1_316' title='bbox 568 3692 670 3760; x_wconf 87' lang='lat' dir='ltr'><strong>omnia,</strong></span> <span class='ocrx_word' id='word_1_317' title='bbox 683 3707 729 3761; x_wconf 85' lang='lat' dir='ltr'><strong>per</strong></span> <span class='ocrx_word' id='word_1_318' title='bbox 741 3706 813 3761; x_wconf 66' lang='lat' dir='ltr'><strong>mern</strong></span> <span class='ocrx_word' id='word_1_319' title='bbox 826 3690 920 3757; x_wconf 85' lang='lat' dir='ltr'><strong>omniu,</strong></span> <span class='ocrx_word' id='word_1_320' title='bbox 934 3689 962 3744; x_wconf 85' lang='lat' dir='ltr'><strong>in</strong></span> 
     </span>
     <span class='ocr_line' id='line_1_39' title="bbox 174 3779 960 3858; baseline -0.009 -16"><span class='ocrx_word' id='word_1_321' title='bbox 174 3803 224 3858; x_wconf 78' lang='lat' dir='ltr'><strong>qaae</strong></span> <span class='ocrx_word' id='word_1_322' title='bbox 236 3785 331 3852; x_wconf 73' lang='lat' dir='ltr'><strong>anmm5</strong></span> <span class='ocrx_word' id='word_1_323' title='bbox 341 3784 390 3856; x_wconf 84' lang='lat' dir='ltr'><strong>ipsi</strong></span> <span class='ocrx_word' id='word_1_324' title='bbox 398 3784 482 3855; x_wconf 84' lang='lat' dir='ltr'><strong>glorie</strong></span> <span class='ocrx_word' id='word_1_325' title='bbox 494 3783 580 3858; x_wconf 77' lang='lat' dir='ltr'><strong>(Rern.</strong></span> <span class='ocrx_word' id='word_1_326' title='bbox 595 3800 631 3850; x_wconf 88' lang='lat' dir='ltr'><strong>ru,</strong></span> <span class='ocrx_word' id='word_1_327' title='bbox 642 3783 699 3856; x_wconf 75' lang='grc'><strong>56).</strong></span> <span class='ocrx_word' id='word_1_328' title='bbox 708 3782 842 3854; x_wconf 83' lang='lat' dir='ltr'><strong>Quidquid</strong></span> <span class='ocrx_word' id='word_1_329' title='bbox 852 3796 915 3853; x_wconf 88' lang='lat' dir='ltr'><strong>ergo</strong></span> <span class='ocrx_word' id='word_1_330' title='bbox 925 3779 960 3835; x_wconf 86' lang='lat' dir='ltr'><strong>ad</strong></span> 
     </span>
     <span class='ocr_line' id='line_1_40' title="bbox 175 3870 958 3947; baseline -0.011 -14"><span class='ocrx_word' id='word_1_331' title='bbox 175 3891 206 3933; x_wconf 89' lang='lat' dir='ltr'><strong>se</strong></span> <span class='ocrx_word' id='word_1_332' title='bbox 216 3877 302 3947; x_wconf 91' lang='lat' dir='ltr'><strong>ipsum</strong></span> <span class='ocrx_word' id='word_1_333' title='bbox 315 3875 412 3931; x_wconf 89' lang='lat' dir='ltr'><strong>dicitur</strong></span> <span class='ocrx_word' id='word_1_334' title='bbox 425 3875 504 3941; x_wconf 82' lang='lat' dir='ltr'><strong>Deus,</strong></span> <span class='ocrx_word' id='word_1_335' title='bbox 522 3883 549 3931; x_wconf 90' lang='grc' dir='ltr'><strong>ει</strong></span> <span class='ocrx_word' id='word_1_336' title='bbox 562 3873 596 3931; x_wconf 90' lang='lat' dir='ltr'><strong>de</strong></span> <span class='ocrx_word' id='word_1_337' title='bbox 609 3873 721 3945; x_wconf 90' lang='lat' dir='ltr'><strong>singulis</strong></span> <span class='ocrx_word' id='word_1_338' title='bbox 733 3871 856 3942; x_wconf 88' lang='lat' dir='ltr'><strong>personis</strong></span> <span class='ocrx_word' id='word_1_339' title='bbox 867 3870 958 3941; x_wconf 87' lang='lat' dir='ltr'><strong>singu·</strong></span> 
     </span>
     <span class='ocr_line' id='line_1_41' title="bbox 174 3960 958 4034; baseline -0.011 -12"><span class='ocrx_word' id='word_1_340' title='bbox 174 3967 267 4023; x_wconf 89' lang='lat' dir='ltr'><strong>lariter</strong></span> <span class='ocrx_word' id='word_1_341' title='bbox 279 3967 407 4034; x_wconf 84' lang='lat' dir='ltr'><strong>dieitur¹,</strong></span> <span class='ocrx_word' id='word_1_342' title='bbox 418 3965 506 4031; x_wconf 88' lang='lat' dir='ltr'><strong>idest,</strong></span> <span class='ocrx_word' id='word_1_343' title='bbox 518 3963 552 4021; x_wconf 93' lang='lat' dir='ltr'><strong>de</strong></span> <span class='ocrx_word' id='word_1_344' title='bbox 564 3963 654 4030; x_wconf 89' lang='lat' dir='ltr'><strong>Patre,</strong></span> <span class='ocrx_word' id='word_1_345' title='bbox 669 3971 697 4019; x_wconf 90' lang='lat' dir='ltr'><strong>et</strong></span> <span class='ocrx_word' id='word_1_346' title='bbox 708 3961 795 4027; x_wconf 75' lang='lat' dir='ltr'><strong>Filio,</strong></span> <span class='ocrx_word' id='word_1_347' title='bbox 813 3969 842 4015; x_wconf 87' lang='lat' dir='ltr'><strong>et</strong></span> <span class='ocrx_word' id='word_1_348' title='bbox 857 3960 958 4029; x_wconf 88' lang='lat' dir='ltr'><strong>Spiritu</strong></span> 
     </span>
     <span class='ocr_line' id='line_1_42' title="bbox 119 4043 962 4128; baseline -0.013 -14"><span class='ocrx_word' id='word_1_349' title='bbox 119 4097 124 4104; x_wconf 89' lang='lat'>-</span> <span class='ocrx_word' id='word_1_350' title='bbox 176 4065 279 4128; x_wconf 86' lang='lat' dir='ltr'><strong>saneto,</strong></span> <span class='ocrx_word' id='word_1_351' title='bbox 289 4065 318 4111; x_wconf 91' lang='grc' dir='ltr'><strong>ει</strong></span> <span class='ocrx_word' id='word_1_352' title='bbox 328 4056 406 4113; x_wconf 91' lang='lat' dir='ltr'><strong>simul</strong></span> <span class='ocrx_word' id='word_1_353' title='bbox 418 4055 453 4112; x_wconf 90' lang='lat' dir='ltr'><strong>de</strong></span> <span class='ocrx_word' id='word_1_354' title='bbox 467 4055 522 4125; x_wconf 86' lang='lat' dir='ltr'><strong>ipsa</strong></span> <span class='ocrx_word' id='word_1_355' title='bbox 535 4052 674 4117; x_wconf 79' lang='lat' dir='ltr'><strong>Triniuue,</strong></span> <span class='ocrx_word' id='word_1_356' title='bbox 690 4066 743 4106; x_wconf 81' lang='lat' dir='ltr'><strong>tion</strong></span> <span class='ocrx_word' id='word_1_357' title='bbox 756 4043 902 4121; x_wconf 81' lang='lat' dir='ltr'><strong>pluraliter,</strong></span> <span class='ocrx_word' id='word_1_358' title='bbox 913 4046 962 4103; x_wconf 90' lang='lat' dir='ltr'><strong>sed</strong></span> 
     </span>
     <span class='ocr_line' id='line_1_43' title="bbox 176 4135 963 4215; baseline -0.014 -15"><span class='ocrx_word' id='word_1_359' title='bbox 176 4144 348 4215; x_wconf 71' lang='lat' dir='ltr'><strong>sirrgulariter</strong></span> <span class='ocrx_word' id='word_1_360' title='bbox 368 4143 474 4199; x_wconf 89' lang='lat' dir='ltr'><strong>dicitur.</strong></span> <span class='ocrx_word' id='word_1_361' title='bbox 496 4140 625 4208; x_wconf 78' lang='lat' dir='ltr'><strong>Quoniam</strong></span> <span class='ocrx_word' id='word_1_362' title='bbox 641 4138 738 4209; x_wconf 86' lang='lat' dir='ltr'><strong>quippe</strong></span> <span class='ocrx_word' id='word_1_363' title='bbox 751 4151 804 4192; x_wconf 94' lang='lat' dir='ltr'><strong>non</strong></span> <span class='ocrx_word' id='word_1_364' title='bbox 828 4135 899 4191; x_wconf 91' lang='lat' dir='ltr'><strong>aliud</strong></span> <span class='ocrx_word' id='word_1_365' title='bbox 921 4142 963 4190; x_wconf 87' lang='lat' dir='ltr'><strong>est</strong></span> 
     </span>
     <span class='ocr_line' id='line_1_44' title="bbox 178 4223 965 4301; baseline -0.011 -12"><span class='ocrx_word' id='word_1_366' title='bbox 178 4234 315 4300; x_wconf 74' lang='lat' dir='ltr'><strong>neeesse,</strong></span> <span class='ocrx_word' id='word_1_367' title='bbox 329 4240 357 4288; x_wconf 91' lang='grc' dir='ltr'><strong>ει</strong></span> <span class='ocrx_word' id='word_1_368' title='bbox 368 4231 440 4286; x_wconf 89' lang='lat' dir='ltr'><strong>aliud</strong></span> <span class='ocrx_word' id='word_1_369' title='bbox 453 4244 575 4301; x_wconf 89' lang='lat' dir='ltr'><strong>magnum</strong></span> <span class='ocrx_word' id='word_1_370' title='bbox 588 4242 658 4295; x_wconf 91' lang='lat' dir='ltr'><strong>esse,</strong></span> <span class='ocrx_word' id='word_1_371' title='bbox 669 4226 715 4282; x_wconf 89' lang='lat' dir='ltr'><strong>sed</strong></span> <span class='ocrx_word' id='word_1_372' title='bbox 729 4224 781 4280; x_wconf 89' lang='lat' dir='ltr'><strong>boe</strong></span> <span class='ocrx_word' id='word_1_373' title='bbox 792 4224 861 4279; x_wconf 88' lang='lat' dir='ltr'><strong>idem</strong></span> <span class='ocrx_word' id='word_1_374' title='bbox 874 4223 911 4279; x_wconf 93' lang='lat' dir='ltr'><strong>illi</strong></span> <span class='ocrx_word' id='word_1_375' title='bbox 921 4232 965 4280; x_wconf 88' lang='lat' dir='ltr'><strong>est</strong></span> 
     </span>
     <span class='ocr_line' id='line_1_45' title="bbox 177 4313 964 4394; baseline -0.017 -13"><span class='ocrx_word' id='word_1_376' title='bbox 177 4339 239 4381; x_wconf 80' lang='lat' dir='ltr'><strong>esse</strong></span> <span class='ocrx_word' id='word_1_377' title='bbox 256 4322 327 4394; x_wconf 91' lang='lat' dir='ltr'><strong>qued</strong></span> <span class='ocrx_word' id='word_1_378' title='bbox 345 4336 468 4392; x_wconf 79' lang='lat' dir='ltr'><strong>magmm</strong></span> <span class='ocrx_word' id='word_1_379' title='bbox 480 4335 540 4376; x_wconf 90' lang='lat' dir='ltr'><strong>esse</strong></span> <span class='ocrx_word' id='word_1_380' title='bbox 555 4337 562 4374; x_wconf 93' lang='lat'>:</span> <span class='ocrx_word' id='word_1_381' title='bbox 578 4326 717 4388; x_wconf 86' lang='lat' dir='ltr'><strong>prepterea</strong></span> <span class='ocrx_word' id='word_1_382' title='bbox 738 4315 808 4371; x_wconf 88' lang='lat' dir='ltr'><strong>sicut</strong></span> <span class='ocrx_word' id='word_1_383' title='bbox 828 4329 881 4370; x_wconf 90' lang='lat' dir='ltr'><strong>nen</strong></span> <span class='ocrx_word' id='word_1_384' title='bbox 896 4313 964 4369; x_wconf 89' lang='lat' dir='ltr'><strong>diei-</strong></span> 
     </span>
     <span class='ocr_line' id='line_1_46' title="bbox 177 4403 962 4478; baseline -0.019 -4"><span class='ocrx_word' id='word_1_385' title='bbox 177 4423 300 4474; x_wconf 87' lang='lat' dir='ltr'><strong>mustres</strong></span> <span class='ocrx_word' id='word_1_386' title='bbox 308 4413 448 4478; x_wconf 81' lang='lat' dir='ltr'><strong>essentias,</strong></span> <span class='ocrx_word' id='word_1_387' title='bbox 460 4411 498 4467; x_wconf 90' lang='lat' dir='ltr'><strong>sie</strong></span> <span class='ocrx_word' id='word_1_388' title='bbox 508 4424 561 4465; x_wconf 90' lang='lat' dir='ltr'><strong>non</strong></span> <span class='ocrx_word' id='word_1_389' title='bbox 570 4408 683 4463; x_wconf 84' lang='lat' dir='ltr'><strong>dicimus</strong></span> <span class='ocrx_word' id='word_1_390' title='bbox 694 4416 747 4462; x_wconf 91' lang='lat' dir='ltr'><strong>tres</strong></span> <span class='ocrx_word' id='word_1_391' title='bbox 758 4403 962 4476; x_wconf 76' lang='lat' dir='ltr'><strong>magnitudines,</strong></span> 
     </span>
    </p>
   </div>
   <div class='ocr_carea' id='block_1_3' title="bbox 179 4494 965 4566">
    <p class='ocr_par' dir='ltr' id='par_1_3' title="bbox 179 4494 965 4566">
     <span class='ocr_line' id='line_1_47' title="bbox 179 4494 965 4566; baseline -0.018 -4"><span class='ocrx_word' id='word_1_392' title='bbox 179 4505 226 4566; x_wconf 87' lang='lat' dir='ltr'><strong>scd</strong></span> <span class='ocrx_word' id='word_1_393' title='bbox 240 4519 319 4561; x_wconf 89' lang='lat' dir='ltr'><strong>unam</strong></span> <span class='ocrx_word' id='word_1_394' title='bbox 332 4502 474 4560; x_wconf 86' lang='lat' dir='ltr'><strong>essentiam</strong></span> <span class='ocrx_word' id='word_1_395' title='bbox 490 4509 517 4556; x_wconf 91' lang='grc' dir='ltr'><strong>ει</strong></span> <span class='ocrx_word' id='word_1_396' title='bbox 531 4513 610 4555; x_wconf 90' lang='lat' dir='ltr'><strong>unam</strong></span> <span class='ocrx_word' id='word_1_397' title='bbox 633 4494 850 4566; x_wconf 87' lang='lat' dir='ltr'><strong>magnitudinem.</strong></span> <span class='ocrx_word' id='word_1_398' title='bbox 865 4494 965 4550; x_wconf 82' lang='grc' dir='ltr'>Εεεειι·</span> 
     </span>
    </p>
   </div>
   <div class='ocr_carea' id='block_1_4' title="bbox 159 4586 968 5289">
    <p class='ocr_par' dir='ltr' id='par_1_4' title="bbox 159 4586 968 5289">
     <span class='ocr_line' id='line_1_48' title="bbox 180 4586 965 4665; baseline -0.014 -12"><span class='ocrx_word' id='word_1_399' title='bbox 180 4599 243 4653; x_wconf 90' lang='lat' dir='ltr'><strong>tiam</strong></span> <span class='ocrx_word' id='word_1_400' title='bbox 264 4596 335 4662; x_wconf 88' lang='lat' dir='ltr'><strong>dieo,</strong></span> <span class='ocrx_word' id='word_1_401' title='bbox 350 4608 411 4665; x_wconf 81' lang='lat' dir='ltr'><strong>qum</strong></span> <span class='ocrx_word' id='word_1_402' title='bbox 423 4597 490 4647; x_wconf 66' lang='grc' dir='ltr'>οὐσιε</span> <span class='ocrx_word' id='word_1_403' title='bbox 505 4605 592 4662; x_wconf 72' lang='lat' dir='ltr'><strong>graece</strong></span> <span class='ocrx_word' id='word_1_404' title='bbox 610 4588 716 4655; x_wconf 88' lang='lat' dir='ltr'><strong>dieitur,</strong></span> <span class='ocrx_word' id='word_1_405' title='bbox 741 4602 820 4659; x_wconf 90' lang='lat' dir='ltr'><strong>quam</strong></span> <span class='ocrx_word' id='word_1_406' title='bbox 843 4586 965 4643; x_wconf 86' lang='lat' dir='ltr'><strong>usitatius</strong></span> 
     </span>
     <span class='ocr_line' id='line_1_49' title="bbox 179 4686 504 4744; baseline -0.028 0"><span class='ocrx_word' id='word_1_407' title='bbox 179 4686 354 4744; x_wconf 85' lang='lat' dir='ltr'><strong>substantiam</strong></span> <span class='ocrx_word' id='word_1_408' title='bbox 368 4697 504 4738; x_wconf 80' lang='lat' dir='ltr'><strong>vocamus.</strong></span> 
     </span>
     <span class='ocr_line' id='line_1_50' title="bbox 159 4763 967 4844; baseline -0.019 -9"><span class='ocrx_word' id='word_1_409' title='bbox 159 4817 165 4827; x_wconf 74' lang='grc'><strong>.</strong></span> <span class='ocrx_word' id='word_1_410' title='bbox 216 4777 260 4834; x_wconf 84' lang='grc' dir='ltr'>ιι).</span> <span class='ocrx_word' id='word_1_411' title='bbox 281 4776 375 4831; x_wconf 87' lang='lat' dir='ltr'><strong>bieunt</strong></span> <span class='ocrx_word' id='word_1_412' title='bbox 386 4771 492 4844; x_wconf 90' lang='lat' dir='ltr'><strong>quidem</strong></span> <span class='ocrx_word' id='word_1_413' title='bbox 506 4778 534 4825; x_wconf 93' lang='lat' dir='ltr'><strong>et</strong></span> <span class='ocrx_word' id='word_1_414' title='bbox 551 4769 589 4824; x_wconf 91' lang='lat' dir='ltr'><strong>illi</strong></span> <span class='ocrx_word' id='word_1_415' title='bbox 604 4765 782 4839; x_wconf 80' lang='lat' dir='ltr'><strong>lippostasim3</strong></span> <span class='ocrx_word' id='word_1_416' title='bbox 806 4765 854 4821; x_wconf 85' lang='lat' dir='ltr'><strong>sed</strong></span> <span class='ocrx_word' id='word_1_417' title='bbox 877 4763 967 4821; x_wconf 89' lang='lat' dir='ltr'><strong>nescio</strong></span> 
     </span>
     <span class='ocr_line' id='line_1_51' title="bbox 180 4855 968 4940; baseline -0.016 -16"><span class='ocrx_word' id='word_1_418' title='bbox 180 4867 243 4940; x_wconf 93' lang='lat' dir='ltr'><strong>quid</strong></span> <span class='ocrx_word' id='word_1_419' title='bbox 258 4866 350 4929; x_wconf 82' lang='lat' dir='ltr'><strong>rolrrnt</strong></span> <span class='ocrx_word' id='word_1_420' title='bbox 362 4864 490 4918; x_wconf 90' lang='lat' dir='ltr'><strong>interesse</strong></span> <span class='ocrx_word' id='word_1_421' title='bbox 503 4860 573 4916; x_wconf 91' lang='lat' dir='ltr'><strong>inter</strong></span> <span class='ocrx_word' id='word_1_422' title='bbox 589 4859 672 4913; x_wconf 89' lang='lat' dir='ltr'><strong>usiam</strong></span> <span class='ocrx_word' id='word_1_423' title='bbox 684 4865 712 4912; x_wconf 93' lang='grc' dir='ltr'><strong>ει</strong></span> <span class='ocrx_word' id='word_1_424' title='bbox 730 4855 892 4928; x_wconf 82' lang='lat' dir='ltr'><strong>hypostasim</strong></span> <span class='ocrx_word' id='word_1_425' title='bbox 910 4873 916 4911; x_wconf 92' lang='lat'>:</span> <span class='ocrx_word' id='word_1_426' title='bbox 931 4855 968 4911; x_wconf 87' lang='lat' dir='ltr'><strong>ita</strong></span> 
     </span>
     <span class='ocr_line' id='line_1_52' title="bbox 160 4947 967 5030; baseline -0.012 -18"><span class='ocrx_word' id='word_1_427' title='bbox 160 4970 211 5014; x_wconf 87' lang='lat' dir='ltr'><strong>-ut</strong></span> <span class='ocrx_word' id='word_1_428' title='bbox 236 4956 355 5030; x_wconf 79' lang='lat' dir='ltr'><strong>plerique</strong></span> <span class='ocrx_word' id='word_1_429' title='bbox 377 4953 461 5010; x_wconf 88' lang='lat' dir='ltr'><strong>nostri</strong></span> <span class='ocrx_word' id='word_1_430' title='bbox 473 4951 518 5024; x_wconf 92' lang='lat' dir='ltr'><strong>qui</strong></span> <span class='ocrx_word' id='word_1_431' title='bbox 532 4951 589 5006; x_wconf 86' lang='lat' dir='ltr'><strong>lucc</strong></span> <span class='ocrx_word' id='word_1_432' title='bbox 606 4962 694 5020; x_wconf 78' lang='lat' dir='ltr'><strong>grace</strong></span> <span class='ocrx_word' id='word_1_433' title='bbox 716 4955 830 5004; x_wconf 88' lang='lat' dir='ltr'><strong>tractant</strong></span> <span class='ocrx_word' id='word_1_434' title='bbox 850 4947 967 5019; x_wconf 91' lang='lat' dir='ltr'><strong>eloquio,</strong></span> 
     </span>
     <span class='ocr_line' id='line_1_53' title="bbox 180 5035 968 5113; baseline -0.015 -8"><span class='ocrx_word' id='word_1_435' title='bbox 180 5051 271 5107; x_wconf 84' lang='lat' dir='ltr'><strong>dicere</strong></span> <span class='ocrx_word' id='word_1_436' title='bbox 284 5047 480 5111; x_wconf 81' lang='lat' dir='ltr'><strong>consueverint,</strong></span> <span class='ocrx_word' id='word_1_437' title='bbox 495 5046 649 5113; x_wconf 66' lang='lat' dir='ltr'><strong>passiani,</strong></span> <span class='ocrx_word' id='word_1_438' title='bbox 662 5055 722 5113; x_wconf 67' lang='grc' dir='ltr'>τρεῖς</span> <span class='ocrx_word' id='word_1_439' title='bbox 736 5043 883 5107; x_wconf 65' lang='grc' dir='ltr'>ὑποστάσεις,</span> <span class='ocrx_word' id='word_1_440' title='bbox 897 5035 968 5109; x_wconf 92' lang='lat' dir='ltr'><strong>quod</strong></span> 
     </span>
     <span class='ocr_line' id='line_1_54' title="bbox 181 5128 834 5204; baseline -0.017 -10"><span class='ocrx_word' id='word_1_441' title='bbox 181 5147 224 5194; x_wconf 89' lang='grc' dir='ltr'><strong>εει</strong></span> <span class='ocrx_word' id='word_1_442' title='bbox 234 5138 326 5204; x_wconf 90' lang='lat' dir='ltr'><strong>latine,</strong></span> <span class='ocrx_word' id='word_1_443' title='bbox 339 5151 419 5193; x_wconf 88' lang='lat' dir='ltr'><strong>unam</strong></span> <span class='ocrx_word' id='word_1_444' title='bbox 428 5133 579 5197; x_wconf 87' lang='lat' dir='ltr'><strong>essentiam,</strong></span> <span class='ocrx_word' id='word_1_445' title='bbox 595 5138 650 5187; x_wconf 89' lang='lat' dir='ltr'><strong>tres</strong></span> <span class='ocrx_word' id='word_1_446' title='bbox 663 5128 834 5185; x_wconf 88' lang='lat' dir='ltr'><strong>substantias.</strong></span> 
     </span>
     <span class='ocr_line' id='line_1_55' title="bbox 216 5217 968 5289; baseline -0.019 -4"><span class='ocrx_word' id='word_1_447' title='bbox 216 5227 328 5285; x_wconf 74' lang='lat' dir='ltr'>CAPUT</span> <span class='ocrx_word' id='word_1_448' title='bbox 352 5225 397 5282; x_wconf 84' lang='lat' dir='ltr'><strong>tx.</strong></span> <span class='ocrx_word' id='word_1_449' title='bbox 419 5254 455 5268; x_wconf 87' lang='lat'><em>-</em></span> <span class='ocrx_word' id='word_1_450' title='bbox 475 5223 596 5280; x_wconf 79' lang='lat' dir='ltr'><strong>Persortoe</strong></span> <span class='ocrx_word' id='word_1_451' title='bbox 617 5228 667 5275; x_wconf 82' lang='grc' dir='ltr'>ιεεε</span> <span class='ocrx_word' id='word_1_452' title='bbox 685 5235 736 5274; x_wconf 89' lang='lat' dir='ltr'><strong>non</strong></span> <span class='ocrx_word' id='word_1_453' title='bbox 760 5217 862 5289; x_wconf 77' lang='lat' dir='ltr'><strong>proprie</strong></span> <span class='ocrx_word' id='word_1_454' title='bbox 882 5217 968 5273; x_wconf 82' lang='lat' dir='ltr'><strong>dictoe.</strong></span> 
     </span>
    </p>
   </div>
   <div class='ocr_carea' id='block_1_5' title="bbox 167 227 1108 422">
    <p class='ocr_par' dir='ltr' id='par_1_5' title="bbox 167 227 1108 422">
     <span class='ocr_line' id='line_1_56' title="bbox 834 227 1108 300; baseline -0.007 -4"><span class='ocrx_word' id='word_1_455' title='bbox 834 235 934 296; x_wconf 76' lang='lat' dir='ltr'><strong>slusa</strong></span> <span class='ocrx_word' id='word_1_456' title='bbox 953 227 1108 300; x_wconf 77' lang='lat' dir='ltr'><strong>obtusus.</strong></span> 
     </span>
     <span class='ocr_line' id='line_1_57' title="bbox 167 347 974 422; baseline -0.015 -7"><span class='ocrx_word' id='word_1_457' title='bbox 167 361 211 416; x_wconf 88' lang='lat' dir='ltr'><strong>illa</strong></span> <span class='ocrx_word' id='word_1_458' title='bbox 225 367 251 415; x_wconf 88' lang='lat' dir='ltr'><strong>et</strong></span> <span class='ocrx_word' id='word_1_459' title='bbox 264 357 351 413; x_wconf 77' lang='lat' dir='ltr'><strong>diiino</strong></span> <span class='ocrx_word' id='word_1_460' title='bbox 365 355 531 420; x_wconf 86' lang='lat' dir='ltr'><strong>sublimiias,</strong></span> <span class='ocrx_word' id='word_1_461' title='bbox 555 353 764 411; x_wconf 81' lang='lat' dir='ltr'><strong>substantialiter</strong></span> <span class='ocrx_word' id='word_1_462' title='bbox 785 351 857 418; x_wconf 89' lang='lat' dir='ltr'><strong>dici;</strong></span> <span class='ocrx_word' id='word_1_463' title='bbox 879 347 951 422; x_wconf 91' lang='lat' dir='ltr'><strong>quod</strong></span> <span class='ocrx_word' id='word_1_464' title='bbox 970 376 974 381; x_wconf 88' lang='grc'><em>·</em></span> 
     </span>
    </p>
   </div>
   <div class='ocr_carea' id='block_1_6' title="bbox 1005 350 1802 4490">
    <p class='ocr_par' dir='ltr' id='par_1_6' title="bbox 1005 350 1796 1694">
     <span class='ocr_line' id='line_1_58' title="bbox 1007 350 1795 427; baseline 0.029 -23"><span class='ocrx_word' id='word_1_465' title='bbox 1007 350 1095 422; x_wconf 90' lang='lat' dir='ltr'><strong>ligitur</strong></span> <span class='ocrx_word' id='word_1_466' title='bbox 1127 369 1187 411; x_wconf 84' lang='lat' dir='ltr'><strong>euru</strong></span> <span class='ocrx_word' id='word_1_467' title='bbox 1223 358 1334 415; x_wconf 84' lang='lat' dir='ltr'><strong>dicimus</strong></span> <span class='ocrx_word' id='word_1_468' title='bbox 1361 362 1533 419; x_wconf 84' lang='lat' dir='ltr'><strong>substantiam</strong></span> <span class='ocrx_word' id='word_1_469' title='bbox 1557 384 1564 420; x_wconf 75' lang='grc' dir='ltr'><strong>ε</strong></span> <span class='ocrx_word' id='word_1_470' title='bbox 1588 382 1640 422; x_wconf 81' lang='lat' dir='ltr'><strong>tren</strong></span> <span class='ocrx_word' id='word_1_471' title='bbox 1667 368 1795 427; x_wconf 84' lang='lat' dir='ltr'><strong>audemus</strong></span> 
     </span>
     <span class='ocr_line' id='line_1_59' title="bbox 1005 444 1793 524; baseline 0.023 -25"><span class='ocrx_word' id='word_1_472' title='bbox 1005 444 1094 501; x_wconf 88' lang='lat' dir='ltr'><strong>dicere</strong></span> <span class='ocrx_word' id='word_1_473' title='bbox 1109 463 1187 503; x_wconf 90' lang='lat' dir='ltr'><strong>unam</strong></span> <span class='ocrx_word' id='word_1_474' title='bbox 1200 449 1342 507; x_wconf 84' lang='lat' dir='ltr'><strong>essentiam</strong></span> <span class='ocrx_word' id='word_1_475' title='bbox 1363 459 1418 508; x_wconf 89' lang='lat' dir='ltr'><strong>tres</strong></span> <span class='ocrx_word' id='word_1_476' title='bbox 1438 455 1616 524; x_wconf 72' lang='lat' dir='ltr'><strong>substantias,</strong></span> <span class='ocrx_word' id='word_1_477' title='bbox 1642 458 1689 514; x_wconf 89' lang='lat' dir='ltr'><strong>sed</strong></span> <span class='ocrx_word' id='word_1_478' title='bbox 1713 475 1793 517; x_wconf 83' lang='lat' dir='ltr'><strong>unam</strong></span> 
     </span>
     <span class='ocr_line' id='line_1_60' title="bbox 1007 539 1792 620; baseline 0.022 -29"><span class='ocrx_word' id='word_1_479' title='bbox 1007 539 1148 592; x_wconf 87' lang='lat' dir='ltr'><strong>essentiam</strong></span> <span class='ocrx_word' id='word_1_480' title='bbox 1171 540 1211 594; x_wconf 88' lang='lat' dir='ltr'><strong>rel</strong></span> <span class='ocrx_word' id='word_1_481' title='bbox 1240 542 1430 602; x_wconf 83' lang='lat' dir='ltr'><strong>substantiam.</strong></span> <span class='ocrx_word' id='word_1_482' title='bbox 1458 555 1511 602; x_wconf 90' lang='lat' dir='ltr'><strong>tres</strong></span> <span class='ocrx_word' id='word_1_483' title='bbox 1535 557 1623 605; x_wconf 90' lang='lat' dir='ltr'><strong>autem</strong></span> <span class='ocrx_word' id='word_1_484' title='bbox 1647 564 1792 620; x_wconf 78' lang='lat' dir='ltr'><strong>personas3</strong></span> 
     </span>
     <span class='ocr_line' id='line_1_61' title="bbox 1007 627 1795 701; baseline 0.018 -19"><span class='ocrx_word' id='word_1_485' title='bbox 1007 627 1230 696; x_wconf 87' lang='lat' dir='ltr'><strong>quemadmodum</strong></span> <span class='ocrx_word' id='word_1_486' title='bbox 1262 633 1337 688; x_wconf 91' lang='lat' dir='ltr'><strong>multi</strong></span> <span class='ocrx_word' id='word_1_487' title='bbox 1374 635 1461 691; x_wconf 86' lang='lat' dir='ltr'><strong>Latini</strong></span> <span class='ocrx_word' id='word_1_488' title='bbox 1497 639 1546 693; x_wconf 90' lang='lat' dir='ltr'><strong>ista</strong></span> <span class='ocrx_word' id='word_1_489' title='bbox 1590 647 1733 699; x_wconf 83' lang='lat' dir='ltr'><strong>tractantes</strong></span> <span class='ocrx_word' id='word_1_490' title='bbox 1767 652 1795 701; x_wconf 88' lang='lat' dir='ltr'><strong>et</strong></span> 
     </span>
     <span class='ocr_line' id='line_1_62' title="bbox 1007 717 1792 805; baseline 0.024 -32"><span class='ocrx_word' id='word_1_491' title='bbox 1007 717 1078 789; x_wconf 92' lang='lat' dir='ltr'><strong>digni</strong></span> <span class='ocrx_word' id='word_1_492' title='bbox 1091 722 1247 778; x_wconf 81' lang='lat' dir='ltr'><strong>auctoritate</strong></span> <span class='ocrx_word' id='word_1_493' title='bbox 1261 725 1393 791; x_wconf 80' lang='lat' dir='ltr'><strong>dixerunt,</strong></span> <span class='ocrx_word' id='word_1_494' title='bbox 1407 742 1476 783; x_wconf 89' lang='lat' dir='ltr'><strong>cum</strong></span> <span class='ocrx_word' id='word_1_495' title='bbox 1489 730 1569 785; x_wconf 91' lang='lat' dir='ltr'><strong>alium</strong></span> <span class='ocrx_word' id='word_1_496' title='bbox 1585 731 1692 787; x_wconf 89' lang='lat' dir='ltr'><strong>randum</strong></span> <span class='ocrx_word' id='word_1_497' title='bbox 1705 736 1792 805; x_wconf 90' lang='lat' dir='ltr'><strong>aptio·</strong></span> 
     </span>
     <span class='ocr_line' id='line_1_63' title="bbox 1007 813 1794 894; baseline 0.024 -30"><span class='ocrx_word' id='word_1_498' title='bbox 1007 825 1062 865; x_wconf 90' lang='lat' dir='ltr'><strong>rem</strong></span> <span class='ocrx_word' id='word_1_499' title='bbox 1076 826 1128 866; x_wconf 89' lang='lat' dir='ltr'><strong>non</strong></span> <span class='ocrx_word' id='word_1_500' title='bbox 1141 813 1300 883; x_wconf 82' lang='lat' dir='ltr'><strong>invenirent,</strong></span> <span class='ocrx_word' id='word_1_501' title='bbox 1311 831 1364 887; x_wconf 93' lang='lat' dir='ltr'><strong>que</strong></span> <span class='ocrx_word' id='word_1_502' title='bbox 1376 820 1543 875; x_wconf 87' lang='lat' dir='ltr'><strong>enuntiarent</strong></span> <span class='ocrx_word' id='word_1_503' title='bbox 1552 823 1639 879; x_wconf 81' lang='lat' dir='ltr'><strong>verbis</strong></span> <span class='ocrx_word' id='word_1_504' title='bbox 1651 823 1721 894; x_wconf 90' lang='lat' dir='ltr'><strong>quod</strong></span> <span class='ocrx_word' id='word_1_505' title='bbox 1736 826 1794 884; x_wconf 88' lang='lat' dir='ltr'><strong>sine</strong></span> 
     </span>
     <span class='ocr_line' id='line_1_64' title="bbox 1007 899 1795 973; baseline 0.023 -21"><span class='ocrx_word' id='word_1_506' title='bbox 1007 899 1095 954; x_wconf 85' lang='lat' dir='ltr'><strong>uerbis</strong></span> <span class='ocrx_word' id='word_1_507' title='bbox 1109 900 1300 973; x_wconf 88' lang='lat' dir='ltr'><strong>intelligebant.</strong></span> <span class='ocrx_word' id='word_1_508' title='bbox 1313 905 1415 962; x_wconf 76' lang='lat' dir='ltr'><strong>Revera</strong></span> <span class='ocrx_word' id='word_1_509' title='bbox 1430 908 1500 963; x_wconf 89' lang='lat' dir='ltr'><strong>enim</strong></span> <span class='ocrx_word' id='word_1_510' title='bbox 1515 925 1574 965; x_wconf 88' lang='lat' dir='ltr'><strong>eum</strong></span> <span class='ocrx_word' id='word_1_511' title='bbox 1586 910 1666 967; x_wconf 86' lang='lat' dir='ltr'><strong>Pater</strong></span> <span class='ocrx_word' id='word_1_512' title='bbox 1684 928 1736 968; x_wconf 88' lang='lat' dir='ltr'><strong>nen</strong></span> <span class='ocrx_word' id='word_1_513' title='bbox 1759 914 1795 970; x_wconf 93' lang='lat' dir='ltr'><strong>sit</strong></span> 
     </span>
     <span class='ocr_line' id='line_1_65' title="bbox 1007 990 1796 1071; baseline 0.019 -25"><span class='ocrx_word' id='word_1_514' title='bbox 1007 990 1108 1057; x_wconf 82' lang='lat' dir='ltr'><strong>Filius,</strong></span> <span class='ocrx_word' id='word_1_515' title='bbox 1123 999 1150 1046; x_wconf 91' lang='lat' dir='ltr'><strong>et</strong></span> <span class='ocrx_word' id='word_1_516' title='bbox 1173 992 1255 1049; x_wconf 86' lang='lat' dir='ltr'><strong>Filius</strong></span> <span class='ocrx_word' id='word_1_517' title='bbox 1269 1009 1322 1049; x_wconf 90' lang='lat' dir='ltr'><strong>non</strong></span> <span class='ocrx_word' id='word_1_518' title='bbox 1346 997 1381 1051; x_wconf 90' lang='lat' dir='ltr'><strong>sit</strong></span> <span class='ocrx_word' id='word_1_519' title='bbox 1394 999 1482 1064; x_wconf 89' lang='lat' dir='ltr'><strong>Pater,</strong></span> <span class='ocrx_word' id='word_1_520' title='bbox 1496 1007 1523 1054; x_wconf 95' lang='grc' dir='ltr'><strong>ει</strong></span> <span class='ocrx_word' id='word_1_521' title='bbox 1546 1000 1662 1071; x_wconf 88' lang='lat' dir='ltr'><strong>Spiritus</strong></span> <span class='ocrx_word' id='word_1_522' title='bbox 1685 1012 1796 1062; x_wconf 90' lang='lat' dir='ltr'><strong>sanetus</strong></span> 
     </span>
     <span class='ocr_line' id='line_1_66' title="bbox 1007 1081 1794 1157; baseline 0.02 -23"><span class='ocrx_word' id='word_1_523' title='bbox 1007 1081 1053 1137; x_wconf 92' lang='lat' dir='ltr'><strong>ille</strong></span> <span class='ocrx_word' id='word_1_524' title='bbox 1066 1081 1111 1151; x_wconf 92' lang='lat' dir='ltr'><strong>qui</strong></span> <span class='ocrx_word' id='word_1_525' title='bbox 1128 1081 1207 1138; x_wconf 90' lang='lat' dir='ltr'><strong>etlam</strong></span> <span class='ocrx_word' id='word_1_526' title='bbox 1229 1083 1327 1139; x_wconf 91' lang='lat' dir='ltr'><strong>denum</strong></span> <span class='ocrx_word' id='word_1_527' title='bbox 1344 1085 1522 1154; x_wconf 75' lang='lat' dir='ltr'><strong>botrorum,</strong></span> <span class='ocrx_word' id='word_1_528' title='bbox 1545 1105 1595 1146; x_wconf 91' lang='lat' dir='ltr'><strong>nec</strong></span> <span class='ocrx_word' id='word_1_529' title='bbox 1606 1091 1684 1147; x_wconf 87' lang='lat' dir='ltr'><strong>Pater</strong></span> <span class='ocrx_word' id='word_1_530' title='bbox 1695 1092 1730 1147; x_wconf 90' lang='lat' dir='ltr'><strong>sit</strong></span> <span class='ocrx_word' id='word_1_531' title='bbox 1744 1107 1794 1157; x_wconf 86' lang='lat' dir='ltr'><strong>aee</strong></span> 
     </span>
     <span class='ocr_line' id='line_1_67' title="bbox 1007 1171 1792 1250; baseline 0.017 -26"><span class='ocrx_word' id='word_1_532' title='bbox 1007 1171 1101 1237; x_wconf 77' lang='lat' dir='ltr'><strong>Filius,</strong></span> <span class='ocrx_word' id='word_1_533' title='bbox 1124 1184 1178 1228; x_wconf 90' lang='lat' dir='ltr'><strong>tres</strong></span> <span class='ocrx_word' id='word_1_534' title='bbox 1200 1175 1289 1245; x_wconf 86' lang='lat' dir='ltr'><strong>utique</strong></span> <span class='ocrx_word' id='word_1_535' title='bbox 1312 1184 1383 1230; x_wconf 87' lang='lat' dir='ltr'><strong>sunt.</strong></span> <span class='ocrx_word' id='word_1_536' title='bbox 1411 1177 1524 1248; x_wconf 88' lang='lat' dir='ltr'><strong>ideoque</strong></span> <span class='ocrx_word' id='word_1_537' title='bbox 1544 1180 1682 1250; x_wconf 87' lang='lat' dir='ltr'><strong>pluraliter</strong></span> <span class='ocrx_word' id='word_1_538' title='bbox 1694 1181 1792 1237; x_wconf 89' lang='lat' dir='ltr'><strong>dictum</strong></span> 
     </span>
     <span class='ocr_line' id='line_1_68' title="bbox 1007 1260 1794 1341; baseline 0.017 -27"><span class='ocrx_word' id='word_1_539' title='bbox 1007 1269 1057 1327; x_wconf 84' lang='lat' dir='ltr'><strong>est,</strong></span> <span class='ocrx_word' id='word_1_540' title='bbox 1069 1260 1125 1332; x_wconf 83' lang='lat' dir='ltr'><strong>Epo</strong></span> <span class='ocrx_word' id='word_1_541' title='bbox 1134 1272 1158 1317; x_wconf 88' lang='lat' dir='ltr'><strong>et</strong></span> <span class='ocrx_word' id='word_1_542' title='bbox 1171 1262 1248 1318; x_wconf 86' lang='lat' dir='ltr'><strong>Pater</strong></span> <span class='ocrx_word' id='word_1_543' title='bbox 1260 1282 1336 1320; x_wconf 74' lang='lat' dir='ltr'><strong>renunt</strong></span> <span class='ocrx_word' id='word_1_544' title='bbox 1349 1283 1434 1322; x_wconf 81' lang='lat' dir='ltr'><strong>sattius</strong></span> <span class='ocrx_word' id='word_1_545' title='bbox 1448 1267 1525 1337; x_wconf 74' lang='lat' dir='ltr'><strong>(loen</strong></span> <span class='ocrx_word' id='word_1_546' title='bbox 1545 1286 1572 1336; x_wconf 85' lang='lat' dir='ltr'><strong>x,</strong></span> <span class='ocrx_word' id='word_1_547' title='bbox 1586 1270 1642 1341; x_wconf 79' lang='lat'><strong>30).</strong></span> <span class='ocrx_word' id='word_1_548' title='bbox 1653 1271 1710 1326; x_wconf 87' lang='lat' dir='ltr'><strong>Non</strong></span> <span class='ocrx_word' id='word_1_549' title='bbox 1722 1272 1794 1327; x_wconf 82' lang='lat' dir='ltr'><strong>enirn</strong></span> 
     </span>
     <span class='ocr_line' id='line_1_69' title="bbox 1007 1350 1794 1426; baseline 0.013 -21"><span class='ocrx_word' id='word_1_550' title='bbox 1007 1350 1082 1416; x_wconf 80' lang='lat' dir='ltr'><strong>dirit,</strong></span> <span class='ocrx_word' id='word_1_551' title='bbox 1097 1351 1185 1408; x_wconf 85' lang='lat' dir='ltr'><strong>linum</strong></span> <span class='ocrx_word' id='word_1_552' title='bbox 1199 1362 1255 1419; x_wconf 91' lang='lat' dir='ltr'><strong>est,</strong></span> <span class='ocrx_word' id='word_1_553' title='bbox 1270 1357 1340 1426; x_wconf 91' lang='lat' dir='ltr'><strong>qnod</strong></span> <span class='ocrx_word' id='word_1_554' title='bbox 1362 1356 1504 1413; x_wconf 88' lang='lat' dir='ltr'><strong>Sabelliani</strong></span> <span class='ocrx_word' id='word_1_555' title='bbox 1518 1360 1625 1425; x_wconf 83' lang='lat' dir='ltr'><strong>dieunt;</strong></span> <span class='ocrx_word' id='word_1_556' title='bbox 1640 1361 1699 1426; x_wconf 91' lang='lat' dir='ltr'><strong>sed,</strong></span> <span class='ocrx_word' id='word_1_557' title='bbox 1715 1378 1794 1415; x_wconf 86' lang='lat' dir='ltr'><strong>anum</strong></span> 
     </span>
     <span class='ocr_line' id='line_1_70' title="bbox 1007 1443 1793 1521; baseline 0.018 -28"><span class='ocrx_word' id='word_1_558' title='bbox 1007 1443 1278 1499; x_wconf 68' lang='lat' dir='ltr'><strong>inuenientium</strong></span> <span class='ocrx_word' id='word_1_559' title='bbox 1287 1448 1413 1514; x_wconf 82' lang='lat' dir='ltr'><strong>rpumritur</strong></span> <span class='ocrx_word' id='word_1_560' title='bbox 1426 1448 1488 1517; x_wconf 89' lang='lat' dir='ltr'><strong>quid</strong></span> <span class='ocrx_word' id='word_1_561' title='bbox 1500 1458 1564 1515; x_wconf 88' lang='lat' dir='ltr'><strong>tres,</strong></span> <span class='ocrx_word' id='word_1_562' title='bbox 1575 1465 1669 1519; x_wconf 89' lang='lat' dir='ltr'><strong>magna</strong></span> <span class='ocrx_word' id='word_1_563' title='bbox 1683 1465 1793 1521; x_wconf 92' lang='lat' dir='ltr'><strong>prorsus</strong></span> 
     </span>
     <span class='ocr_line' id='line_1_71' title="bbox 1008 1531 1792 1607; baseline 0.011 -22"><span class='ocrx_word' id='word_1_564' title='bbox 1008 1531 1095 1602; x_wconf 91' lang='lat' dir='ltr'><strong>inopia</strong></span> <span class='ocrx_word' id='word_1_565' title='bbox 1105 1533 1247 1590; x_wconf 90' lang='lat' dir='ltr'><strong>lrumanum</strong></span> <span class='ocrx_word' id='word_1_566' title='bbox 1261 1536 1361 1591; x_wconf 89' lang='lat' dir='ltr'><strong>laborat</strong></span> <span class='ocrx_word' id='word_1_567' title='bbox 1371 1538 1516 1607; x_wconf 89' lang='lat' dir='ltr'><strong>eloquium.</strong></span> <span class='ocrx_word' id='word_1_568' title='bbox 1528 1539 1628 1594; x_wconf 86' lang='lat' dir='ltr'><strong>Dictum</strong></span> <span class='ocrx_word' id='word_1_569' title='bbox 1643 1547 1792 1603; x_wconf 88' lang='lat' dir='ltr'><strong>esttamen,</strong></span> 
     </span>
     <span class='ocr_line' id='line_1_72' title="bbox 1008 1621 1792 1694; baseline 0.011 -19"><span class='ocrx_word' id='word_1_570' title='bbox 1008 1621 1074 1677; x_wconf 83' lang='lat' dir='ltr'><strong>&#39;l&#39;rcs</strong></span> <span class='ocrx_word' id='word_1_571' title='bbox 1083 1637 1271 1691; x_wconf 73' lang='lat' dir='ltr'><strong>personamon</strong></span> <span class='ocrx_word' id='word_1_572' title='bbox 1281 1625 1380 1681; x_wconf 92' lang='lat' dir='ltr'><strong>utillud</strong></span> <span class='ocrx_word' id='word_1_573' title='bbox 1395 1627 1536 1694; x_wconf 86' lang='lat' dir='ltr'><strong>diceretur,</strong></span> <span class='ocrx_word' id='word_1_574' title='bbox 1548 1629 1594 1683; x_wconf 88' lang='lat' dir='ltr'><strong>sed</strong></span> <span class='ocrx_word' id='word_1_575' title='bbox 1607 1644 1640 1684; x_wconf 90' lang='lat' dir='ltr'><strong>ne</strong></span> <span class='ocrx_word' id='word_1_576' title='bbox 1651 1639 1792 1685; x_wconf 86' lang='lat' dir='ltr'><strong>taceretur.</strong></span> 
     </span>
    </p>

    <p class='ocr_par' dir='ltr' id='par_1_7' title="bbox 1008 1709 1802 4490">
     <span class='ocr_line' id='line_1_73' title="bbox 1043 1709 1794 1782; baseline 0.005 -14"><span class='ocrx_word' id='word_1_577' title='bbox 1043 1711 1155 1769; x_wconf 67' lang='lat' dir='ltr'>CAPUT</span> <span class='ocrx_word' id='word_1_578' title='bbox 1166 1714 1200 1768; x_wconf 82' lang='lat' dir='ltr'><strong>X.</strong></span> <span class='ocrx_word' id='word_1_579' title='bbox 1212 1745 1248 1756; x_wconf 97' lang='lat'>-</span> <span class='ocrx_word' id='word_1_580' title='bbox 1262 1717 1305 1771; x_wconf 91' lang='lat' dir='ltr'><strong>ll.</strong></span> <span class='ocrx_word' id='word_1_581' title='bbox 1320 1717 1384 1782; x_wconf 80' lang='lat' dir='ltr'><strong>Qum</strong></span> <span class='ocrx_word' id='word_1_582' title='bbox 1398 1716 1452 1772; x_wconf 82' lang='lat' dir='ltr'><strong>Dee</strong></span> <span class='ocrx_word' id='word_1_583' title='bbox 1472 1718 1585 1773; x_wconf 82' lang='lat' dir='ltr'><strong>absolute</strong></span> <span class='ocrx_word' id='word_1_584' title='bbox 1602 1719 1751 1773; x_wconf 83' lang='lat' dir='ltr'><strong>conacniunt</strong></span> <span class='ocrx_word' id='word_1_585' title='bbox 1761 1709 1794 1773; x_wconf 74' lang='grc' dir='ltr'><strong>ει</strong></span> 
     </span>
     <span class='ocr_line' id='line_1_74' title="bbox 1008 1804 1794 1879; baseline 0.008 -23"><span class='ocrx_word' id='word_1_586' title='bbox 1008 1804 1123 1867; x_wconf 66' lang='lat' dir='ltr'><strong>enuntia,</strong></span> <span class='ocrx_word' id='word_1_587' title='bbox 1139 1805 1169 1858; x_wconf 88' lang='lat' dir='ltr'><strong>de</strong></span> <span class='ocrx_word' id='word_1_588' title='bbox 1181 1804 1304 1860; x_wconf 81' lang='lat' dir='ltr'><strong>Trinitote</strong></span> <span class='ocrx_word' id='word_1_589' title='bbox 1318 1806 1479 1878; x_wconf 84' lang='lat' dir='ltr'><strong>sinpulariter</strong></span> <span class='ocrx_word' id='word_1_590' title='bbox 1499 1808 1626 1872; x_wconf 85' lang='lat' dir='ltr'><strong>dicantar,</strong></span> <span class='ocrx_word' id='word_1_591' title='bbox 1641 1826 1690 1864; x_wconf 90' lang='lat' dir='ltr'><strong>non</strong></span> <span class='ocrx_word' id='word_1_592' title='bbox 1704 1810 1794 1879; x_wconf 87' lang='lat' dir='ltr'><strong>plura·</strong></span> 
     </span>
     <span class='ocr_line' id='line_1_75' title="bbox 1010 1892 1792 1967; baseline 0.012 -22"><span class='ocrx_word' id='word_1_593' title='bbox 1010 1892 1074 1947; x_wconf 85' lang='lat' dir='ltr'><strong>liter.</strong></span> <span class='ocrx_word' id='word_1_594' title='bbox 1096 1894 1171 1950; x_wconf 88' lang='lat' dir='ltr'><strong>Sicut</strong></span> <span class='ocrx_word' id='word_1_595' title='bbox 1184 1911 1247 1967; x_wconf 88' lang='lat' dir='ltr'><strong>ergo</strong></span> <span class='ocrx_word' id='word_1_596' title='bbox 1260 1912 1312 1965; x_wconf 86' lang='lat' dir='ltr'><strong>qen</strong></span> <span class='ocrx_word' id='word_1_597' title='bbox 1329 1897 1443 1954; x_wconf 81' lang='lat' dir='ltr'><strong>dicimus</strong></span> <span class='ocrx_word' id='word_1_598' title='bbox 1458 1908 1512 1956; x_wconf 86' lang='lat' dir='ltr'><strong>tres</strong></span> <span class='ocrx_word' id='word_1_599' title='bbox 1526 1901 1671 1964; x_wconf 87' lang='lat' dir='ltr'><strong>essentias;</strong></span> <span class='ocrx_word' id='word_1_600' title='bbox 1692 1902 1727 1955; x_wconf 89' lang='lat' dir='ltr'><strong>ita</strong></span> <span class='ocrx_word' id='word_1_601' title='bbox 1741 1916 1792 1955; x_wconf 90' lang='lat' dir='ltr'><strong>non</strong></span> 
     </span>
     <span class='ocr_line' id='line_1_76' title="bbox 1008 1981 1793 2061; baseline 0.011 -25"><span class='ocrx_word' id='word_1_602' title='bbox 1008 1981 1120 2038; x_wconf 86' lang='lat' dir='ltr'><strong>dicimus</strong></span> <span class='ocrx_word' id='word_1_603' title='bbox 1135 1994 1188 2039; x_wconf 88' lang='lat' dir='ltr'><strong>tres</strong></span> <span class='ocrx_word' id='word_1_604' title='bbox 1210 1986 1417 2057; x_wconf 74' lang='lat' dir='ltr'><strong>magnitudines,</strong></span> <span class='ocrx_word' id='word_1_605' title='bbox 1433 2005 1518 2060; x_wconf 88' lang='lat' dir='ltr'><strong>neque</strong></span> <span class='ocrx_word' id='word_1_606' title='bbox 1541 1996 1595 2045; x_wconf 88' lang='lat' dir='ltr'><strong>tres</strong></span> <span class='ocrx_word' id='word_1_607' title='bbox 1618 2005 1737 2061; x_wconf 83' lang='lat' dir='ltr'><strong>magnos.</strong></span> <span class='ocrx_word' id='word_1_608' title='bbox 1764 1992 1793 2045; x_wconf 91' lang='lat' dir='ltr'><strong>lu</strong></span> 
     </span>
     <span class='ocr_line' id='line_1_77' title="bbox 1009 2072 1793 2151; baseline 0.013 -25"><span class='ocrx_word' id='word_1_609' title='bbox 1009 2072 1088 2128; x_wconf 89' lang='lat' dir='ltr'><strong>rebus</strong></span> <span class='ocrx_word' id='word_1_610' title='bbox 1103 2078 1172 2128; x_wconf 89' lang='lat' dir='ltr'><strong>enirn</strong></span> <span class='ocrx_word' id='word_1_611' title='bbox 1188 2091 1247 2145; x_wconf 75' lang='lat' dir='ltr'><strong>quae</strong></span> <span class='ocrx_word' id='word_1_612' title='bbox 1264 2078 1464 2148; x_wconf 90' lang='lat' dir='ltr'><strong>participatione</strong></span> <span class='ocrx_word' id='word_1_613' title='bbox 1485 2080 1672 2150; x_wconf 86' lang='lat' dir='ltr'><strong>magnitudinis</strong></span> <span class='ocrx_word' id='word_1_614' title='bbox 1691 2096 1793 2151; x_wconf 81' lang='lat' dir='ltr'><strong>magnae</strong></span> 
     </span>
     <span class='ocr_line' id='line_1_78' title="bbox 1009 2167 1795 2241; baseline 0.008 -23"><span class='ocrx_word' id='word_1_615' title='bbox 1009 2174 1081 2230; x_wconf 91' lang='lat' dir='ltr'><strong>sunt,</strong></span> <span class='ocrx_word' id='word_1_616' title='bbox 1095 2167 1190 2236; x_wconf 91' lang='lat' dir='ltr'><strong>qulbus</strong></span> <span class='ocrx_word' id='word_1_617' title='bbox 1209 2176 1251 2222; x_wconf 90' lang='lat' dir='ltr'><strong>est</strong></span> <span class='ocrx_word' id='word_1_618' title='bbox 1260 2169 1332 2224; x_wconf 91' lang='lat' dir='ltr'><strong>aliud</strong></span> <span class='ocrx_word' id='word_1_619' title='bbox 1345 2183 1422 2234; x_wconf 89' lang='lat' dir='ltr'><strong>esse,</strong></span> <span class='ocrx_word' id='word_1_620' title='bbox 1437 2171 1508 2224; x_wconf 90' lang='lat' dir='ltr'><strong>aliud</strong></span> <span class='ocrx_word' id='word_1_621' title='bbox 1522 2186 1630 2241; x_wconf 88' lang='lat' dir='ltr'><strong>magnas</strong></span> <span class='ocrx_word' id='word_1_622' title='bbox 1643 2186 1712 2234; x_wconf 89' lang='lat' dir='ltr'><strong>esse,</strong></span> <span class='ocrx_word' id='word_1_623' title='bbox 1726 2171 1795 2226; x_wconf 90' lang='lat' dir='ltr'><strong>sieut</strong></span> 
     </span>
     <span class='ocr_line' id='line_1_79' title="bbox 1009 2256 1793 2333; baseline 0.009 -25"><span class='ocrx_word' id='word_1_624' title='bbox 1009 2269 1102 2323; x_wconf 86' lang='lat' dir='ltr'><strong>magna</strong></span> <span class='ocrx_word' id='word_1_625' title='bbox 1117 2256 1221 2324; x_wconf 80' lang='lat' dir='ltr'><strong>deuius,</strong></span> <span class='ocrx_word' id='word_1_626' title='bbox 1241 2266 1267 2313; x_wconf 92' lang='lat' dir='ltr'><strong>et</strong></span> <span class='ocrx_word' id='word_1_627' title='bbox 1283 2274 1394 2329; x_wconf 85' lang='lat' dir='ltr'><strong>magnus</strong></span> <span class='ocrx_word' id='word_1_628' title='bbox 1408 2275 1495 2329; x_wconf 91' lang='lat' dir='ltr'><strong>mons,</strong></span> <span class='ocrx_word' id='word_1_629' title='bbox 1510 2272 1537 2318; x_wconf 89' lang='lat' dir='ltr'><strong>et</strong></span> <span class='ocrx_word' id='word_1_630' title='bbox 1550 2276 1659 2333; x_wconf 89' lang='lat' dir='ltr'><strong>magnus</strong></span> <span class='ocrx_word' id='word_1_631' title='bbox 1673 2262 1793 2324; x_wconf 81' lang='lat' dir='ltr'><strong>animus:</strong></span> 
     </span>
     <span class='ocr_line' id='line_1_80' title="bbox 1011 2345 1794 2421; baseline 0.01 -24"><span class='ocrx_word' id='word_1_632' title='bbox 1011 2345 1036 2398; x_wconf 94' lang='lat' dir='ltr'><strong>in</strong></span> <span class='ocrx_word' id='word_1_633' title='bbox 1052 2345 1093 2400; x_wconf 90' lang='lat' dir='ltr'><strong>bis</strong></span> <span class='ocrx_word' id='word_1_634' title='bbox 1107 2362 1170 2416; x_wconf 86' lang='lat' dir='ltr'><strong>erge</strong></span> <span class='ocrx_word' id='word_1_635' title='bbox 1184 2348 1263 2403; x_wconf 89' lang='lat' dir='ltr'><strong>rebus</strong></span> <span class='ocrx_word' id='word_1_636' title='bbox 1276 2349 1347 2407; x_wconf 92' lang='lat' dir='ltr'><strong>aliud</strong></span> <span class='ocrx_word' id='word_1_637' title='bbox 1361 2359 1402 2407; x_wconf 90' lang='lat' dir='ltr'><strong>est</strong></span> <span class='ocrx_word' id='word_1_638' title='bbox 1415 2351 1579 2421; x_wconf 88' lang='lat' dir='ltr'><strong>magnitudo,</strong></span> <span class='ocrx_word' id='word_1_639' title='bbox 1593 2350 1663 2406; x_wconf 92' lang='lat' dir='ltr'><strong>aliud</strong></span> <span class='ocrx_word' id='word_1_640' title='bbox 1678 2350 1747 2421; x_wconf 91' lang='lat' dir='ltr'><strong>quod</strong></span> <span class='ocrx_word' id='word_1_641' title='bbox 1760 2349 1794 2405; x_wconf 91' lang='lat' dir='ltr'><strong>ab</strong></span> 
     </span>
     <span class='ocr_line' id='line_1_81' title="bbox 1010 2434 1795 2509; baseline 0.004 -20"><span class='ocrx_word' id='word_1_642' title='bbox 1010 2449 1041 2490; x_wconf 88' lang='lat' dir='ltr'><strong>ea</strong></span> <span class='ocrx_word' id='word_1_643' title='bbox 1054 2437 1233 2505; x_wconf 89' lang='lat' dir='ltr'><strong>magnitudine</strong></span> <span class='ocrx_word' id='word_1_644' title='bbox 1249 2453 1371 2508; x_wconf 89' lang='lat' dir='ltr'><strong>magnum</strong></span> <span class='ocrx_word' id='word_1_645' title='bbox 1385 2448 1435 2504; x_wconf 91' lang='grc' dir='ltr'>εει,</span> <span class='ocrx_word' id='word_1_646' title='bbox 1449 2450 1476 2495; x_wconf 91' lang='grc' dir='ltr'><strong>ει</strong></span> <span class='ocrx_word' id='word_1_647' title='bbox 1490 2455 1597 2509; x_wconf 90' lang='lat' dir='ltr'><strong>prorsus</strong></span> <span class='ocrx_word' id='word_1_648' title='bbox 1617 2434 1670 2494; x_wconf 85' lang='lat' dir='ltr'><strong>nob</strong></span> <span class='ocrx_word' id='word_1_649' title='bbox 1692 2439 1742 2497; x_wconf 86' lang='lat' dir='ltr'><strong>lree</strong></span> <span class='ocrx_word' id='word_1_650' title='bbox 1753 2446 1795 2494; x_wconf 86' lang='grc' dir='ltr'><strong>εει</strong></span> 
     </span>
     <span class='ocr_line' id='line_1_82' title="bbox 1010 2526 1794 2600; baseline 0.003 -20"><span class='ocrx_word' id='word_1_651' title='bbox 1010 2526 1163 2598; x_wconf 89' lang='lat' dir='ltr'><strong>magnitude</strong></span> <span class='ocrx_word' id='word_1_652' title='bbox 1181 2529 1251 2597; x_wconf 92' lang='lat' dir='ltr'><strong>quod</strong></span> <span class='ocrx_word' id='word_1_653' title='bbox 1266 2537 1307 2585; x_wconf 91' lang='grc' dir='ltr'><strong>εει</strong></span> <span class='ocrx_word' id='word_1_654' title='bbox 1319 2545 1413 2600; x_wconf 85' lang='lat' dir='ltr'><strong>magna</strong></span> <span class='ocrx_word' id='word_1_655' title='bbox 1426 2530 1532 2585; x_wconf 92' lang='lat' dir='ltr'><strong>domus.</strong></span> <span class='ocrx_word' id='word_1_656' title='bbox 1547 2529 1599 2585; x_wconf 91' lang='lat' dir='ltr'><strong>Sed</strong></span> <span class='ocrx_word' id='word_1_657' title='bbox 1619 2529 1663 2584; x_wconf 89' lang='lat' dir='ltr'><strong>illa</strong></span> <span class='ocrx_word' id='word_1_658' title='bbox 1678 2537 1718 2598; x_wconf 88' lang='grc' dir='ltr'><strong>εει</strong></span> <span class='ocrx_word' id='word_1_659' title='bbox 1732 2543 1794 2583; x_wconf 85' lang='lat' dir='ltr'><strong>sera</strong></span> 
     </span>
     <span class='ocr_line' id='line_1_83' title="bbox 1010 2616 1795 2690; baseline -0.001 -19"><span class='ocrx_word' id='word_1_660' title='bbox 1010 2616 1178 2686; x_wconf 88' lang='lat' dir='ltr'><strong>magnitude,</strong></span> <span class='ocrx_word' id='word_1_661' title='bbox 1202 2632 1253 2686; x_wconf 94' lang='lat' dir='ltr'><strong>qua</strong></span> <span class='ocrx_word' id='word_1_662' title='bbox 1276 2633 1328 2673; x_wconf 91' lang='lat' dir='ltr'><strong>non</strong></span> <span class='ocrx_word' id='word_1_663' title='bbox 1346 2618 1431 2674; x_wconf 91' lang='lat' dir='ltr'><strong>solum</strong></span> <span class='ocrx_word' id='word_1_664' title='bbox 1452 2634 1546 2690; x_wconf 85' lang='lat' dir='ltr'><strong>magna</strong></span> <span class='ocrx_word' id='word_1_665' title='bbox 1563 2629 1604 2673; x_wconf 90' lang='lat' dir='ltr'><strong>est</strong></span> <span class='ocrx_word' id='word_1_666' title='bbox 1622 2619 1716 2673; x_wconf 81' lang='lat' dir='ltr'><strong>danius</strong></span> <span class='ocrx_word' id='word_1_667' title='bbox 1734 2633 1795 2687; x_wconf 90' lang='lat' dir='ltr'><strong>quae</strong></span> 
     </span>
     <span class='ocr_line' id='line_1_84' title="bbox 1011 2708 1794 2778; baseline 0.008 -21"><span class='ocrx_word' id='word_1_668' title='bbox 1011 2720 1105 2776; x_wconf 85' lang='lat' dir='ltr'><strong>magna</strong></span> <span class='ocrx_word' id='word_1_669' title='bbox 1119 2714 1169 2771; x_wconf 91' lang='lat' dir='ltr'><strong>est,</strong></span> <span class='ocrx_word' id='word_1_670' title='bbox 1183 2717 1210 2761; x_wconf 89' lang='lat' dir='ltr'><strong>et</strong></span> <span class='ocrx_word' id='word_1_671' title='bbox 1223 2722 1273 2777; x_wconf 90' lang='lat' dir='ltr'><strong>qua</strong></span> <span class='ocrx_word' id='word_1_672' title='bbox 1285 2722 1393 2776; x_wconf 91' lang='lat' dir='ltr'><strong>magnus</strong></span> <span class='ocrx_word' id='word_1_673' title='bbox 1408 2719 1449 2763; x_wconf 91' lang='lat' dir='ltr'><strong>est</strong></span> <span class='ocrx_word' id='word_1_674' title='bbox 1462 2723 1538 2764; x_wconf 92' lang='lat' dir='ltr'><strong>mons</strong></span> <span class='ocrx_word' id='word_1_675' title='bbox 1550 2708 1669 2778; x_wconf 88' lang='lat' dir='ltr'><strong>quisquis</strong></span> <span class='ocrx_word' id='word_1_676' title='bbox 1685 2722 1794 2777; x_wconf 87' lang='lat' dir='ltr'><strong>magnus</strong></span> 
     </span>
     <span class='ocr_line' id='line_1_85' title="bbox 1011 2795 1796 2869; baseline 0.003 -20"><span class='ocrx_word' id='word_1_677' title='bbox 1011 2804 1068 2862; x_wconf 89' lang='lat' dir='ltr'><strong>est;</strong></span> <span class='ocrx_word' id='word_1_678' title='bbox 1087 2795 1134 2850; x_wconf 89' lang='lat' dir='ltr'><strong>sed</strong></span> <span class='ocrx_word' id='word_1_679' title='bbox 1150 2796 1229 2850; x_wconf 88' lang='lat' dir='ltr'><strong>etiarn</strong></span> <span class='ocrx_word' id='word_1_680' title='bbox 1244 2812 1295 2866; x_wconf 90' lang='lat' dir='ltr'><strong>qua</strong></span> <span class='ocrx_word' id='word_1_681' title='bbox 1311 2813 1434 2868; x_wconf 87' lang='lat' dir='ltr'><strong>nragnum</strong></span> <span class='ocrx_word' id='word_1_682' title='bbox 1451 2806 1492 2853; x_wconf 88' lang='grc' dir='ltr'><strong>εει</strong></span> <span class='ocrx_word' id='word_1_683' title='bbox 1505 2797 1631 2869; x_wconf 91' lang='lat' dir='ltr'><strong>quidquid</strong></span> <span class='ocrx_word' id='word_1_684' title='bbox 1653 2797 1722 2851; x_wconf 89' lang='lat' dir='ltr'><strong>aliud</strong></span> <span class='ocrx_word' id='word_1_685' title='bbox 1739 2812 1796 2851; x_wconf 90' lang='lat' dir='ltr'><strong>ma·</strong></span> 
     </span>
     <span class='ocr_line' id='line_1_86' title="bbox 1010 2883 1794 2955; baseline 0.003 -19"><span class='ocrx_word' id='word_1_686' title='bbox 1010 2898 1090 2954; x_wconf 88' lang='lat' dir='ltr'><strong>gnum</strong></span> <span class='ocrx_word' id='word_1_687' title='bbox 1105 2883 1203 2939; x_wconf 91' lang='lat' dir='ltr'><strong>dicitur</strong></span> <span class='ocrx_word' id='word_1_688' title='bbox 1217 2902 1224 2939; x_wconf 91' lang='lat'><strong>:</strong></span> <span class='ocrx_word' id='word_1_689' title='bbox 1238 2894 1265 2939; x_wconf 93' lang='lat' dir='ltr'><strong>ut</strong></span> <span class='ocrx_word' id='word_1_690' title='bbox 1278 2885 1347 2939; x_wconf 90' lang='lat' dir='ltr'><strong>alind</strong></span> <span class='ocrx_word' id='word_1_691' title='bbox 1361 2886 1395 2940; x_wconf 91' lang='lat' dir='ltr'><strong>sit</strong></span> <span class='ocrx_word' id='word_1_692' title='bbox 1418 2885 1474 2955; x_wconf 91' lang='lat' dir='ltr'><strong>ipsa</strong></span> <span class='ocrx_word' id='word_1_693' title='bbox 1496 2885 1666 2955; x_wconf 90' lang='lat' dir='ltr'><strong>magnitudo,</strong></span> <span class='ocrx_word' id='word_1_694' title='bbox 1682 2884 1752 2939; x_wconf 92' lang='lat' dir='ltr'><strong>aliud</strong></span> <span class='ocrx_word' id='word_1_695' title='bbox 1763 2899 1794 2939; x_wconf 90' lang='lat' dir='ltr'><strong>ea</strong></span> 
     </span>
     <span class='ocr_line' id='line_1_87' title="bbox 1011 2974 1795 3046; baseline 0.001 -18"><span class='ocrx_word' id='word_1_696' title='bbox 1011 2991 1070 3046; x_wconf 87' lang='lat' dir='ltr'><strong>quae</strong></span> <span class='ocrx_word' id='word_1_697' title='bbox 1085 2976 1119 3030; x_wconf 91' lang='lat' dir='ltr'><strong>ab</strong></span> <span class='ocrx_word' id='word_1_698' title='bbox 1132 2975 1176 3029; x_wconf 90' lang='lat' dir='ltr'><strong>illa</strong></span> <span class='ocrx_word' id='word_1_699' title='bbox 1196 2991 1291 3046; x_wconf 82' lang='lat' dir='ltr'><strong>nragua</strong></span> <span class='ocrx_word' id='word_1_700' title='bbox 1305 2975 1438 3032; x_wconf 87' lang='lat' dir='ltr'><strong>dicuntur.</strong></span> <span class='ocrx_word' id='word_1_701' title='bbox 1461 2975 1525 3044; x_wconf 78' lang='lat' dir='ltr'><strong>Quae</strong></span> <span class='ocrx_word' id='word_1_702' title='bbox 1540 2974 1693 3046; x_wconf 88' lang='lat' dir='ltr'><strong>magnitudo</strong></span> <span class='ocrx_word' id='word_1_703' title='bbox 1706 2975 1795 3045; x_wconf 89' lang='lat' dir='ltr'><strong>utique</strong></span> 
     </span>
     <span class='ocr_line' id='line_1_88' title="bbox 1011 3067 1795 3137; baseline 0 -17"><span class='ocrx_word' id='word_1_704' title='bbox 1011 3067 1132 3136; x_wconf 85' lang='lat' dir='ltr'><strong>primitus</strong></span> <span class='ocrx_word' id='word_1_705' title='bbox 1154 3077 1310 3137; x_wconf 77' lang='lat' dir='ltr'><strong>magunum,</strong></span> <span class='ocrx_word' id='word_1_706' title='bbox 1330 3067 1466 3136; x_wconf 92' lang='lat' dir='ltr'><strong>multoque</strong></span> <span class='ocrx_word' id='word_1_707' title='bbox 1479 3067 1655 3122; x_wconf 83' lang='lat' dir='ltr'><strong>excellentius</strong></span> <span class='ocrx_word' id='word_1_708' title='bbox 1672 3080 1751 3136; x_wconf 90' lang='lat' dir='ltr'><strong>quam</strong></span> <span class='ocrx_word' id='word_1_709' title='bbox 1764 3079 1795 3120; x_wconf 88' lang='lat' dir='ltr'><strong>ea</strong></span> 
     </span>
     <span class='ocr_line' id='line_1_89' title="bbox 1011 3156 1796 3228; baseline 0.004 -21"><span class='ocrx_word' id='word_1_710' title='bbox 1011 3173 1069 3227; x_wconf 84' lang='lat' dir='ltr'><strong>qum</strong></span> <span class='ocrx_word' id='word_1_711' title='bbox 1083 3159 1283 3228; x_wconf 87' lang='lat' dir='ltr'><strong>participatione</strong></span> <span class='ocrx_word' id='word_1_712' title='bbox 1295 3159 1353 3228; x_wconf 83' lang='lat' dir='ltr'><strong>ejus</strong></span> <span class='ocrx_word' id='word_1_713' title='bbox 1368 3166 1542 3228; x_wconf 86' lang='lat' dir='ltr'><strong>magnasunt.</strong></span> <span class='ocrx_word' id='word_1_714' title='bbox 1557 3157 1625 3212; x_wconf 87' lang='lat' dir='ltr'><strong>beus</strong></span> <span class='ocrx_word' id='word_1_715' title='bbox 1635 3164 1722 3212; x_wconf 87' lang='lat' dir='ltr'><strong>autern</strong></span> <span class='ocrx_word' id='word_1_716' title='bbox 1734 3156 1796 3225; x_wconf 86' lang='lat' dir='ltr'><strong>quia</strong></span> 
     </span>
     <span class='ocr_line' id='line_1_90' title="bbox 1012 3244 1796 3320; baseline -0.004 -18"><span class='ocrx_word' id='word_1_717' title='bbox 1012 3263 1064 3303; x_wconf 92' lang='lat' dir='ltr'><strong>non</strong></span> <span class='ocrx_word' id='word_1_718' title='bbox 1077 3265 1107 3305; x_wconf 89' lang='lat' dir='ltr'><strong>ea</strong></span> <span class='ocrx_word' id='word_1_719' title='bbox 1128 3249 1309 3320; x_wconf 91' lang='lat' dir='ltr'><strong>magnitudine</strong></span> <span class='ocrx_word' id='word_1_720' title='bbox 1330 3264 1441 3318; x_wconf 89' lang='lat' dir='ltr'><strong>magnus</strong></span> <span class='ocrx_word' id='word_1_721' title='bbox 1459 3256 1501 3302; x_wconf 92' lang='lat' dir='ltr'><strong>est</strong></span> <span class='ocrx_word' id='word_1_722' title='bbox 1518 3263 1577 3318; x_wconf 79' lang='lat' dir='ltr'><strong>quat</strong></span> <span class='ocrx_word' id='word_1_723' title='bbox 1597 3253 1706 3301; x_wconf 90' lang='lat' dir='ltr'><strong>nonest</strong></span> <span class='ocrx_word' id='word_1_724' title='bbox 1724 3244 1796 3314; x_wconf 93' lang='lat' dir='ltr'><strong>quod</strong></span> 
     </span>
     <span class='ocr_line' id='line_1_91' title="bbox 1011 3338 1797 3408; baseline -0.004 -15"><span class='ocrx_word' id='word_1_725' title='bbox 1011 3347 1052 3393; x_wconf 90' lang='grc' dir='ltr'><strong>εει</strong></span> <span class='ocrx_word' id='word_1_726' title='bbox 1063 3339 1129 3408; x_wconf 90' lang='lat' dir='ltr'><strong>ipse,</strong></span> <span class='ocrx_word' id='word_1_727' title='bbox 1145 3347 1173 3393; x_wconf 94' lang='lat' dir='ltr'><strong>ut</strong></span> <span class='ocrx_word' id='word_1_728' title='bbox 1183 3340 1258 3408; x_wconf 89' lang='lat' dir='ltr'><strong>quasi</strong></span> <span class='ocrx_word' id='word_1_729' title='bbox 1271 3339 1402 3408; x_wconf 89' lang='lat' dir='ltr'><strong>particeps</strong></span> <span class='ocrx_word' id='word_1_730' title='bbox 1414 3339 1472 3408; x_wconf 87' lang='lat' dir='ltr'><strong>ejus</strong></span> <span class='ocrx_word' id='word_1_731' title='bbox 1483 3338 1516 3392; x_wconf 92' lang='lat' dir='ltr'><strong>sit</strong></span> <span class='ocrx_word' id='word_1_732' title='bbox 1532 3339 1600 3392; x_wconf 86' lang='lat' dir='ltr'><strong>beus</strong></span> <span class='ocrx_word' id='word_1_733' title='bbox 1612 3349 1672 3390; x_wconf 90' lang='lat' dir='ltr'><strong>eum</strong></span> <span class='ocrx_word' id='word_1_734' title='bbox 1685 3346 1797 3405; x_wconf 92' lang='lat' dir='ltr'><strong>magnus</strong></span> 
     </span>
     <span class='ocr_line' id='line_1_92' title="bbox 1011 3423 1795 3498; baseline -0.004 -17"><span class='ocrx_word' id='word_1_735' title='bbox 1011 3435 1066 3489; x_wconf 85' lang='lat' dir='ltr'><strong>est;</strong></span> <span class='ocrx_word' id='word_1_736' title='bbox 1081 3427 1198 3498; x_wconf 87' lang='lat' dir='ltr'><strong>alioquin</strong></span> <span class='ocrx_word' id='word_1_737' title='bbox 1220 3427 1263 3482; x_wconf 92' lang='lat' dir='ltr'><strong>illa</strong></span> <span class='ocrx_word' id='word_1_738' title='bbox 1280 3427 1332 3483; x_wconf 88' lang='lat' dir='ltr'><strong>erit</strong></span> <span class='ocrx_word' id='word_1_739' title='bbox 1351 3426 1436 3497; x_wconf 88' lang='lat' dir='ltr'><strong>major</strong></span> <span class='ocrx_word' id='word_1_740' title='bbox 1456 3424 1609 3497; x_wconf 87' lang='lat' dir='ltr'><strong>magnitudo</strong></span> <span class='ocrx_word' id='word_1_741' title='bbox 1622 3439 1701 3495; x_wconf 89' lang='lat' dir='ltr'><strong>quarn</strong></span> <span class='ocrx_word' id='word_1_742' title='bbox 1714 3423 1795 3488; x_wconf 84' lang='lat' dir='ltr'><strong>Deus,</strong></span> 
     </span>
     <span class='ocr_line' id='line_1_93' title="bbox 1013 3512 1799 3587; baseline -0.004 -16"><span class='ocrx_word' id='word_1_743' title='bbox 1013 3517 1068 3572; x_wconf 82' lang='lat' dir='ltr'><strong>lica</strong></span> <span class='ocrx_word' id='word_1_744' title='bbox 1077 3525 1164 3572; x_wconf 79' lang='lat' dir='ltr'><strong>auum</strong></span> <span class='ocrx_word' id='word_1_745' title='bbox 1178 3531 1231 3572; x_wconf 92' lang='lat' dir='ltr'><strong>nen</strong></span> <span class='ocrx_word' id='word_1_746' title='bbox 1245 3527 1285 3573; x_wconf 88' lang='grc' dir='ltr'><strong>εει</strong></span> <span class='ocrx_word' id='word_1_747' title='bbox 1298 3515 1396 3587; x_wconf 86' lang='lat' dir='ltr'><strong>aliquid</strong></span> <span class='ocrx_word' id='word_1_748' title='bbox 1408 3516 1494 3586; x_wconf 83' lang='lat' dir='ltr'><strong>majus</strong></span> <span class='ocrx_word' id='word_1_749' title='bbox 1508 3531 1516 3570; x_wconf 76' lang='grc' dir='ltr'>ι</span> <span class='ocrx_word' id='word_1_750' title='bbox 1529 3530 1560 3571; x_wconf 92' lang='lat' dir='ltr'><strong>ea</strong></span> <span class='ocrx_word' id='word_1_751' title='bbox 1578 3515 1656 3585; x_wconf 91' lang='lat' dir='ltr'><strong>igitur</strong></span> <span class='ocrx_word' id='word_1_752' title='bbox 1668 3512 1799 3582; x_wconf 88' lang='lat' dir='ltr'><strong>magnitu-</strong></span> 
     </span>
     <span class='ocr_line' id='line_1_94' title="bbox 1013 3602 1798 3677; baseline -0.005 -16"><span class='ocrx_word' id='word_1_753' title='bbox 1013 3605 1075 3662; x_wconf 92' lang='lat' dir='ltr'><strong>dine</strong></span> <span class='ocrx_word' id='word_1_754' title='bbox 1097 3620 1207 3677; x_wconf 91' lang='lat' dir='ltr'><strong>magnus</strong></span> <span class='ocrx_word' id='word_1_755' title='bbox 1220 3615 1325 3675; x_wconf 84' lang='lat' dir='ltr'><strong>estque</strong></span> <span class='ocrx_word' id='word_1_756' title='bbox 1341 3606 1398 3677; x_wconf 90' lang='lat' dir='ltr'><strong>ipse</strong></span> <span class='ocrx_word' id='word_1_757' title='bbox 1418 3613 1461 3662; x_wconf 90' lang='lat' dir='ltr'><strong>est</strong></span> <span class='ocrx_word' id='word_1_758' title='bbox 1479 3605 1573 3662; x_wconf 90' lang='lat' dir='ltr'><strong>eadem</strong></span> <span class='ocrx_word' id='word_1_759' title='bbox 1588 3603 1750 3676; x_wconf 86' lang='lat' dir='ltr'><strong>magnitudo.</strong></span> <span class='ocrx_word' id='word_1_760' title='bbox 1764 3602 1798 3658; x_wconf 82' lang='lat' dir='ltr'><strong>Et</strong></span> 
     </span>
     <span class='ocr_line' id='line_1_95' title="bbox 1012 3694 1798 3760; baseline -0.009 -7"><span class='ocrx_word' id='word_1_761' title='bbox 1012 3696 1073 3753; x_wconf 88' lang='lat' dir='ltr'><strong>ideo</strong></span> <span class='ocrx_word' id='word_1_762' title='bbox 1088 3697 1156 3753; x_wconf 88' lang='lat' dir='ltr'><strong>sieut</strong></span> <span class='ocrx_word' id='word_1_763' title='bbox 1178 3710 1232 3753; x_wconf 90' lang='lat' dir='ltr'><strong>nen</strong></span> <span class='ocrx_word' id='word_1_764' title='bbox 1251 3695 1364 3752; x_wconf 88' lang='lat' dir='ltr'><strong>dicimus</strong></span> <span class='ocrx_word' id='word_1_765' title='bbox 1380 3704 1434 3751; x_wconf 89' lang='lat' dir='ltr'><strong>tres</strong></span> <span class='ocrx_word' id='word_1_766' title='bbox 1456 3694 1596 3760; x_wconf 86' lang='lat' dir='ltr'><strong>essentias,</strong></span> <span class='ocrx_word' id='word_1_767' title='bbox 1618 3695 1658 3749; x_wconf 90' lang='lat' dir='ltr'><strong>sie</strong></span> <span class='ocrx_word' id='word_1_768' title='bbox 1674 3707 1725 3748; x_wconf 88' lang='lat' dir='ltr'><strong>nee</strong></span> <span class='ocrx_word' id='word_1_769' title='bbox 1744 3699 1798 3747; x_wconf 89' lang='lat' dir='ltr'><strong>tres</strong></span> 
     </span>
     <span class='ocr_line' id='line_1_96' title="bbox 1012 3780 1799 3859; baseline -0.01 -16"><span class='ocrx_word' id='word_1_770' title='bbox 1012 3780 1209 3859; x_wconf 88' lang='lat' dir='ltr'><strong>magnitudines</strong></span> <span class='ocrx_word' id='word_1_771' title='bbox 1224 3804 1231 3841; x_wconf 82' lang='lat' dir='ltr'>z</span> <span class='ocrx_word' id='word_1_772' title='bbox 1245 3786 1297 3843; x_wconf 90' lang='lat' dir='ltr'><strong>boe</strong></span> <span class='ocrx_word' id='word_1_773' title='bbox 1312 3794 1355 3843; x_wconf 89' lang='lat' dir='ltr'><strong>est</strong></span> <span class='ocrx_word' id='word_1_774' title='bbox 1370 3785 1441 3842; x_wconf 91' lang='lat' dir='ltr'><strong>euim</strong></span> <span class='ocrx_word' id='word_1_775' title='bbox 1451 3785 1507 3841; x_wconf 77' lang='lat' dir='ltr'><strong>lice</strong></span> <span class='ocrx_word' id='word_1_776' title='bbox 1518 3785 1588 3851; x_wconf 83' lang='lat' dir='ltr'><strong>esse,</strong></span> <span class='ocrx_word' id='word_1_777' title='bbox 1604 3783 1673 3855; x_wconf 92' lang='lat' dir='ltr'><strong>quod</strong></span> <span class='ocrx_word' id='word_1_778' title='bbox 1687 3789 1728 3837; x_wconf 88' lang='lat' dir='ltr'><strong>est</strong></span> <span class='ocrx_word' id='word_1_779' title='bbox 1740 3796 1799 3836; x_wconf 91' lang='lat' dir='ltr'><strong>ma·</strong></span> 
     </span>
     <span class='ocr_line' id='line_1_97' title="bbox 1013 3873 1797 3952; baseline -0.01 -17"><span class='ocrx_word' id='word_1_780' title='bbox 1013 3894 1094 3952; x_wconf 88' lang='lat' dir='ltr'><strong>gnum</strong></span> <span class='ocrx_word' id='word_1_781' title='bbox 1108 3894 1177 3937; x_wconf 90' lang='lat' dir='ltr'><strong>esse.</strong></span> <span class='ocrx_word' id='word_1_782' title='bbox 1192 3877 1292 3935; x_wconf 79' lang='lat' dir='ltr'><strong>Eadem</strong></span> <span class='ocrx_word' id='word_1_783' title='bbox 1314 3891 1394 3934; x_wconf 91' lang='lat' dir='ltr'><strong>eausa</strong></span> <span class='ocrx_word' id='word_1_784' title='bbox 1416 3891 1466 3933; x_wconf 89' lang='lat' dir='ltr'><strong>nee</strong></span> <span class='ocrx_word' id='word_1_785' title='bbox 1486 3889 1596 3947; x_wconf 86' lang='lat' dir='ltr'><strong>magnos</strong></span> <span class='ocrx_word' id='word_1_786' title='bbox 1608 3883 1663 3930; x_wconf 89' lang='lat' dir='ltr'><strong>tres</strong></span> <span class='ocrx_word' id='word_1_787' title='bbox 1675 3873 1797 3939; x_wconf 82' lang='lat' dir='ltr'><strong>dicimus,</strong></span> 
     </span>
     <span class='ocr_line' id='line_1_98' title="bbox 1014 3960 1802 4039; baseline -0.014 -14"><span class='ocrx_word' id='word_1_788' title='bbox 1014 3969 1061 4025; x_wconf 89' lang='lat' dir='ltr'><strong>sed</strong></span> <span class='ocrx_word' id='word_1_789' title='bbox 1074 3984 1155 4025; x_wconf 92' lang='lat' dir='ltr'><strong>unum</strong></span> <span class='ocrx_word' id='word_1_790' title='bbox 1177 3981 1320 4039; x_wconf 86' lang='lat' dir='ltr'><strong>magnum:</strong></span> <span class='ocrx_word' id='word_1_791' title='bbox 1336 3967 1398 4037; x_wconf 91' lang='lat' dir='ltr'><strong>quia</strong></span> <span class='ocrx_word' id='word_1_792' title='bbox 1420 3980 1472 4020; x_wconf 90' lang='lat' dir='ltr'><strong>non</strong></span> <span class='ocrx_word' id='word_1_793' title='bbox 1487 3963 1686 4036; x_wconf 73' lang='lat' dir='ltr'><strong>participatione</strong></span> <span class='ocrx_word' id='word_1_794' title='bbox 1699 3960 1802 4031; x_wconf 82' lang='lat' dir='ltr'><strong>anagui-</strong></span> 
     </span>
     <span class='ocr_line' id='line_1_99' title="bbox 1015 4054 1799 4126; baseline -0.011 -14"><span class='ocrx_word' id='word_1_795' title='bbox 1015 4057 1114 4113; x_wconf 91' lang='lat' dir='ltr'><strong>tudinis</strong></span> <span class='ocrx_word' id='word_1_796' title='bbox 1125 4058 1195 4112; x_wconf 86' lang='lat' dir='ltr'><strong>Deus</strong></span> <span class='ocrx_word' id='word_1_797' title='bbox 1210 4063 1383 4126; x_wconf 73' lang='lat' dir='ltr'><strong>regnasset,</strong></span> <span class='ocrx_word' id='word_1_798' title='bbox 1399 4054 1445 4109; x_wconf 91' lang='lat' dir='ltr'><strong>sed</strong></span> <span class='ocrx_word' id='word_1_799' title='bbox 1459 4069 1488 4109; x_wconf 90' lang='lat' dir='ltr'><strong>se</strong></span> <span class='ocrx_word' id='word_1_800' title='bbox 1509 4055 1567 4122; x_wconf 91' lang='lat' dir='ltr'><strong>ipso</strong></span> <span class='ocrx_word' id='word_1_801' title='bbox 1579 4065 1675 4122; x_wconf 86' lang='lat' dir='ltr'><strong>magne</strong></span> <span class='ocrx_word' id='word_1_802' title='bbox 1686 4064 1799 4118; x_wconf 86' lang='lat' dir='ltr'><strong>magnus</strong></span> 
     </span>
     <span class='ocr_line' id='line_1_100' title="bbox 1015 4138 1799 4216; baseline -0.014 -14"><span class='ocrx_word' id='word_1_803' title='bbox 1015 4140 1069 4211; x_wconf 68' lang='lat' dir='ltr'><strong>est}</strong></span> <span class='ocrx_word' id='word_1_804' title='bbox 1083 4147 1145 4216; x_wconf 91' lang='lat' dir='ltr'><strong>quia</strong></span> <span class='ocrx_word' id='word_1_805' title='bbox 1155 4147 1211 4215; x_wconf 89' lang='lat' dir='ltr'><strong>ipse</strong></span> <span class='ocrx_word' id='word_1_806' title='bbox 1226 4159 1273 4200; x_wconf 91' lang='lat' dir='ltr'><strong>sua</strong></span> <span class='ocrx_word' id='word_1_807' title='bbox 1285 4154 1327 4199; x_wconf 90' lang='grc' dir='ltr'><strong>εει</strong></span> <span class='ocrx_word' id='word_1_808' title='bbox 1339 4143 1501 4214; x_wconf 89' lang='lat' dir='ltr'><strong>magnitudo.</strong></span> <span class='ocrx_word' id='word_1_809' title='bbox 1512 4140 1569 4197; x_wconf 84' lang='lat' dir='ltr'><strong>lice</strong></span> <span class='ocrx_word' id='word_1_810' title='bbox 1580 4140 1651 4196; x_wconf 89' lang='lat' dir='ltr'><strong>etde</strong></span> <span class='ocrx_word' id='word_1_811' title='bbox 1669 4138 1799 4204; x_wconf 87' lang='lat' dir='ltr'><strong>bonitate,</strong></span> 
     </span>
     <span class='ocr_line' id='line_1_101' title="bbox 1015 4227 1798 4305; baseline -0.017 -9"><span class='ocrx_word' id='word_1_812' title='bbox 1015 4249 1043 4296; x_wconf 90' lang='lat' dir='ltr'><strong>et</strong></span> <span class='ocrx_word' id='word_1_813' title='bbox 1054 4239 1254 4304; x_wconf 81' lang='lat' dir='ltr'><strong>deaetcrnitate‚</strong></span> <span class='ocrx_word' id='word_1_814' title='bbox 1268 4245 1296 4293; x_wconf 91' lang='lat' dir='ltr'><strong>ct</strong></span> <span class='ocrx_word' id='word_1_815' title='bbox 1316 4236 1350 4291; x_wconf 91' lang='lat' dir='ltr'><strong>de</strong></span> <span class='ocrx_word' id='word_1_816' title='bbox 1368 4234 1559 4305; x_wconf 89' lang='lat' dir='ltr'><strong>omnipotentia</strong></span> <span class='ocrx_word' id='word_1_817' title='bbox 1573 4233 1620 4288; x_wconf 87' lang='lat' dir='ltr'><strong>lici</strong></span> <span class='ocrx_word' id='word_1_818' title='bbox 1642 4231 1739 4287; x_wconf 87' lang='lat' dir='ltr'><strong>dictum</strong></span> <span class='ocrx_word' id='word_1_819' title='bbox 1752 4227 1798 4293; x_wconf 89' lang='lat' dir='ltr'><strong>sit,</strong></span> 
     </span>
     <span class='ocr_line' id='line_1_102' title="bbox 1016 4319 1800 4399; baseline -0.015 -15"><span class='ocrx_word' id='word_1_820' title='bbox 1016 4329 1192 4399; x_wconf 89' lang='lat' dir='ltr'><strong>omnibusque</strong></span> <span class='ocrx_word' id='word_1_821' title='bbox 1204 4328 1312 4397; x_wconf 89' lang='lat' dir='ltr'><strong>omnine</strong></span> <span class='ocrx_word' id='word_1_822' title='bbox 1326 4324 1537 4396; x_wconf 77' lang='lat' dir='ltr'><strong>praedicamentis</strong></span> <span class='ocrx_word' id='word_1_823' title='bbox 1550 4337 1608 4394; x_wconf 89' lang='lat' dir='ltr'><strong>quae</strong></span> <span class='ocrx_word' id='word_1_824' title='bbox 1622 4319 1656 4377; x_wconf 90' lang='lat' dir='ltr'><strong>de</strong></span> <span class='ocrx_word' id='word_1_825' title='bbox 1669 4319 1724 4375; x_wconf 81' lang='lat' dir='ltr'><strong>lieo</strong></span> <span class='ocrx_word' id='word_1_826' title='bbox 1738 4331 1800 4388; x_wconf 90' lang='lat' dir='ltr'><strong>pos·</strong></span> 
     </span>
     <span class='ocr_line' id='line_1_103' title="bbox 1016 4410 1800 4490; baseline -0.018 -14"><span class='ocrx_word' id='word_1_827' title='bbox 1016 4426 1080 4476; x_wconf 86' lang='lat' dir='ltr'><strong>sunt</strong></span> <span class='ocrx_word' id='word_1_828' title='bbox 1103 4417 1278 4490; x_wconf 88' lang='lat' dir='ltr'><strong>pronuntiari,</strong></span> <span class='ocrx_word' id='word_1_829' title='bbox 1300 4416 1371 4488; x_wconf 93' lang='lat' dir='ltr'><strong>quod</strong></span> <span class='ocrx_word' id='word_1_830' title='bbox 1395 4414 1429 4470; x_wconf 93' lang='lat' dir='ltr'><strong>ad</strong></span> <span class='ocrx_word' id='word_1_831' title='bbox 1454 4428 1484 4470; x_wconf 90' lang='lat' dir='ltr'><strong>se</strong></span> <span class='ocrx_word' id='word_1_832' title='bbox 1506 4414 1593 4483; x_wconf 88' lang='lat' dir='ltr'><strong>ipsum</strong></span> <span class='ocrx_word' id='word_1_833' title='bbox 1617 4410 1723 4476; x_wconf 90' lang='lat' dir='ltr'><strong>dieitur,</strong></span> <span class='ocrx_word' id='word_1_834' title='bbox 1747 4422 1800 4463; x_wconf 85' lang='lat' dir='ltr'><strong>aren</strong></span> 
     </span>
    </p>
   </div>
   <div class='ocr_carea' id='block_1_7' title="bbox 997 4493 1799 4581">
    <p class='ocr_par' dir='ltr' id='par_1_8' title="bbox 997 4493 1799 4581">
     <span class='ocr_line' id='line_1_104' title="bbox 997 4493 1799 4581; baseline -0.017 -14"><span class='ocrx_word' id='word_1_835' title='bbox 997 4532 1000 4539; x_wconf 92' lang='grc'>·</span> <span class='ocrx_word' id='word_1_836' title='bbox 1018 4511 1143 4567; x_wconf 88' lang='lat' dir='ltr'><strong>translate</strong></span> <span class='ocrx_word' id='word_1_837' title='bbox 1155 4493 1187 4566; x_wconf 83' lang='lat' dir='ltr'><strong>ae</strong></span> <span class='ocrx_word' id='word_1_838' title='bbox 1196 4525 1244 4581; x_wconf 92' lang='lat' dir='ltr'><strong>per</strong></span> <span class='ocrx_word' id='word_1_839' title='bbox 1255 4506 1465 4572; x_wconf 90' lang='lat' dir='ltr'><strong>similitudinem,</strong></span> <span class='ocrx_word' id='word_1_840' title='bbox 1477 4503 1523 4560; x_wconf 88' lang='lat' dir='ltr'><strong>sed</strong></span> <span class='ocrx_word' id='word_1_841' title='bbox 1536 4501 1644 4575; x_wconf 89' lang='lat' dir='ltr'><strong>proprie</strong></span> <span class='ocrx_word' id='word_1_842' title='bbox 1658 4518 1665 4555; x_wconf 73' lang='grc' dir='ltr'><strong>ε</strong></span> <span class='ocrx_word' id='word_1_843' title='bbox 1680 4500 1701 4556; x_wconf 91' lang='lat' dir='ltr'><strong>si</strong></span> <span class='ocrx_word' id='word_1_844' title='bbox 1710 4507 1799 4555; x_wconf 79' lang='grc' dir='ltr'>ιειιιειι</span> 
     </span>
    </p>
   </div>
   <div class='ocr_carea' id='block_1_8' title="bbox 1017 4595 1808 4752">
    <p class='ocr_par' dir='ltr' id='par_1_9' title="bbox 1017 4595 1808 4752">
     <span class='ocr_line' id='line_1_105' title="bbox 1017 4595 1808 4679; baseline -0.018 -21"><span class='ocrx_word' id='word_1_845' title='bbox 1017 4603 1051 4658; x_wconf 90' lang='lat' dir='ltr'><strong>de</strong></span> <span class='ocrx_word' id='word_1_846' title='bbox 1064 4602 1109 4657; x_wconf 92' lang='lat' dir='ltr'><strong>illo</strong></span> <span class='ocrx_word' id='word_1_847' title='bbox 1123 4601 1229 4672; x_wconf 89' lang='lat' dir='ltr'><strong>proprie</strong></span> <span class='ocrx_word' id='word_1_848' title='bbox 1241 4598 1340 4669; x_wconf 89' lang='lat' dir='ltr'><strong>aliquid</strong></span> <span class='ocrx_word' id='word_1_849' title='bbox 1353 4597 1405 4653; x_wconf 86' lang='lat' dir='ltr'><strong>dici</strong></span> <span class='ocrx_word' id='word_1_850' title='bbox 1415 4611 1462 4652; x_wconf 91' lang='lat' dir='ltr'><strong>ore</strong></span> <span class='ocrx_word' id='word_1_851' title='bbox 1475 4595 1591 4651; x_wconf 90' lang='lat' dir='ltr'><strong>bominis</strong></span> <span class='ocrx_word' id='word_1_852' title='bbox 1603 4600 1699 4664; x_wconf 91' lang='lat' dir='ltr'><strong>potest.</strong></span> <span class='ocrx_word' id='word_1_853' title='bbox 1802 4672 1808 4679; x_wconf 20' lang='grc' dir='ltr'>ἱ</span> 
     </span>
     <span class='ocr_line' id='line_1_106' title="bbox 1052 4679 1804 4752; baseline -0.019 -6"><span class='ocrx_word' id='word_1_854' title='bbox 1052 4689 1164 4746; x_wconf 75' lang='lat' dir='ltr'>CAPUT</span> <span class='ocrx_word' id='word_1_855' title='bbox 1180 4688 1226 4743; x_wconf 81' lang='lat' dir='ltr'><strong>xi.</strong></span> <span class='ocrx_word' id='word_1_856' title='bbox 1239 4718 1275 4729; x_wconf 95' lang='lat'>-</span> <span class='ocrx_word' id='word_1_857' title='bbox 1287 4687 1329 4742; x_wconf 78' lang='lat' dir='ltr'><strong>ts.</strong></span> <span class='ocrx_word' id='word_1_858' title='bbox 1347 4686 1416 4752; x_wconf 88' lang='lat' dir='ltr'><strong>Quid</strong></span> <span class='ocrx_word' id='word_1_859' title='bbox 1432 4687 1459 4739; x_wconf 89' lang='lat' dir='ltr'><strong>in</strong></span> <span class='ocrx_word' id='word_1_860' title='bbox 1475 4685 1597 4739; x_wconf 80' lang='lat' dir='ltr'><strong>Trinitate</strong></span> <span class='ocrx_word' id='word_1_861' title='bbox 1615 4681 1717 4736; x_wconf 83' lang='lat' dir='ltr'><strong>relatiua</strong></span> <span class='ocrx_word' id='word_1_862' title='bbox 1732 4679 1804 4733; x_wconf 86' lang='lat' dir='ltr'><strong>dica·</strong></span> 
     </span>
    </p>
   </div>
   <div class='ocr_carea' id='block_1_9' title="bbox 1019 4770 1805 5112">
    <p class='ocr_par' dir='ltr' id='par_1_10' title="bbox 1019 4770 1805 5112">
     <span class='ocr_line' id='line_1_107' title="bbox 1019 4770 1804 4849; baseline -0.014 -14"><span class='ocrx_word' id='word_1_863' title='bbox 1019 4792 1068 4835; x_wconf 89' lang='lat' dir='ltr'><strong>tur.</strong></span> <span class='ocrx_word' id='word_1_864' title='bbox 1081 4780 1157 4849; x_wconf 92' lang='lat' dir='ltr'><strong>Quod</strong></span> <span class='ocrx_word' id='word_1_865' title='bbox 1172 4783 1181 4812; x_wconf 80' lang='lat'><strong>¹</strong></span> <span class='ocrx_word' id='word_1_866' title='bbox 1194 4787 1283 4835; x_wconf 90' lang='lat' dir='ltr'><strong>autem</strong></span> <span class='ocrx_word' id='word_1_867' title='bbox 1295 4777 1400 4849; x_wconf 88' lang='lat' dir='ltr'><strong>proprie</strong></span> <span class='ocrx_word' id='word_1_868' title='bbox 1410 4775 1512 4847; x_wconf 87' lang='lat' dir='ltr'><strong>singula</strong></span> <span class='ocrx_word' id='word_1_869' title='bbox 1523 4775 1550 4829; x_wconf 93' lang='lat' dir='ltr'><strong>in</strong></span> <span class='ocrx_word' id='word_1_870' title='bbox 1566 4772 1658 4829; x_wconf 88' lang='lat' dir='ltr'><strong>eadem</strong></span> <span class='ocrx_word' id='word_1_871' title='bbox 1673 4770 1804 4827; x_wconf 82' lang='lat' dir='ltr'><strong>Trinitate</strong></span> 
     </span>
     <span class='ocr_line' id='line_1_108' title="bbox 1019 4861 1805 4939; baseline -0.018 -11"><span class='ocrx_word' id='word_1_872' title='bbox 1019 4871 1153 4939; x_wconf 85' lang='lat' dir='ltr'><strong>dicuntur,</strong></span> <span class='ocrx_word' id='word_1_873' title='bbox 1165 4869 1239 4926; x_wconf 88' lang='lat' dir='ltr'><strong>nulla</strong></span> <span class='ocrx_word' id='word_1_874' title='bbox 1251 4865 1375 4923; x_wconf 91' lang='lat' dir='ltr'><strong>modoad</strong></span> <span class='ocrx_word' id='word_1_875' title='bbox 1388 4880 1418 4923; x_wconf 91' lang='lat' dir='ltr'><strong>se</strong></span> <span class='ocrx_word' id='word_1_876' title='bbox 1429 4866 1495 4935; x_wconf 91' lang='lat' dir='ltr'><strong>ipsa,</strong></span> <span class='ocrx_word' id='word_1_877' title='bbox 1509 4862 1557 4921; x_wconf 89' lang='lat' dir='ltr'><strong>sed</strong></span> <span class='ocrx_word' id='word_1_878' title='bbox 1568 4861 1601 4918; x_wconf 92' lang='lat' dir='ltr'><strong>ad</strong></span> <span class='ocrx_word' id='word_1_879' title='bbox 1622 4861 1746 4929; x_wconf 88' lang='lat' dir='ltr'><strong>inricem,</strong></span> <span class='ocrx_word' id='word_1_880' title='bbox 1758 4869 1805 4915; x_wconf 87' lang='lat' dir='ltr'><strong>aut</strong></span> 
     </span>
     <span class='ocr_line' id='line_1_109' title="bbox 1019 4952 1805 5025; baseline -0.015 -6"><span class='ocrx_word' id='word_1_881' title='bbox 1019 4963 1053 5019; x_wconf 92' lang='lat' dir='ltr'><strong>ad</strong></span> <span class='ocrx_word' id='word_1_882' title='bbox 1072 4970 1220 5018; x_wconf 88' lang='lat' dir='ltr'><strong>ereaturam</strong></span> <span class='ocrx_word' id='word_1_883' title='bbox 1240 4960 1379 5025; x_wconf 65' lang='lat' dir='ltr'><strong>dicuntum</strong></span> <span class='ocrx_word' id='word_1_884' title='bbox 1394 4964 1422 5014; x_wconf 90' lang='lat' dir='ltr'><strong>et</strong></span> <span class='ocrx_word' id='word_1_885' title='bbox 1442 4957 1503 5014; x_wconf 92' lang='lat' dir='ltr'><strong>ideo</strong></span> <span class='ocrx_word' id='word_1_886' title='bbox 1523 4956 1631 5012; x_wconf 85' lang='lat' dir='ltr'><strong>relative</strong></span> <span class='ocrx_word' id='word_1_887' title='bbox 1643 4996 1659 5020; x_wconf 93' lang='lat'><strong>,.</strong></span> <span class='ocrx_word' id='word_1_888' title='bbox 1670 4969 1726 5017; x_wconf 88' lang='lat' dir='ltr'><strong>nou</strong></span> <span class='ocrx_word' id='word_1_889' title='bbox 1742 4952 1805 5008; x_wconf 87' lang='lat' dir='ltr'><strong>sub-</strong></span> 
     </span>
     <span class='ocr_line' id='line_1_110' title="bbox 1020 5041 1805 5112; baseline -0.017 -1"><span class='ocrx_word' id='word_1_890' title='bbox 1020 5054 1179 5112; x_wconf 90' lang='lat' dir='ltr'><strong>stantialiter</strong></span> <span class='ocrx_word' id='word_1_891' title='bbox 1190 5067 1221 5109; x_wconf 92' lang='lat' dir='ltr'><strong>ea</strong></span> <span class='ocrx_word' id='word_1_892' title='bbox 1234 5051 1287 5107; x_wconf 90' lang='lat' dir='ltr'><strong>diei</strong></span> <span class='ocrx_word' id='word_1_893' title='bbox 1300 5047 1469 5106; x_wconf 88' lang='lat' dir='ltr'><strong>manilcstum</strong></span> <span class='ocrx_word' id='word_1_894' title='bbox 1491 5056 1541 5104; x_wconf 90' lang='grc' dir='ltr'>εει.</span> <span class='ocrx_word' id='word_1_895' title='bbox 1565 5044 1639 5104; x_wconf 82' lang='lat' dir='ltr'><strong>Simu</strong></span> <span class='ocrx_word' id='word_1_896' title='bbox 1657 5044 1728 5102; x_wconf 91' lang='lat' dir='ltr'><strong>enim</strong></span> <span class='ocrx_word' id='word_1_897' title='bbox 1741 5041 1805 5099; x_wconf 78' lang='lat' dir='ltr'><strong>Trl-</strong></span> 
     </span>
    </p>
   </div>
   <div class='ocr_carea' id='block_1_10' title="bbox 998 5136 1805 5306">
    <p class='ocr_par' dir='ltr' id='par_1_11' title="bbox 998 5136 1805 5306">
     <span class='ocr_line' id='line_1_111' title="bbox 998 5136 1805 5231; baseline -0.017 -31"><span class='ocrx_word' id='word_1_898' title='bbox 998 5144 1092 5231; x_wconf 32' lang='lat' dir='ltr'><strong>=1nitas</strong></span> <span class='ocrx_word' id='word_1_899' title='bbox 1112 5157 1181 5199; x_wconf 91' lang='lat' dir='ltr'><strong>unus</strong></span> <span class='ocrx_word' id='word_1_900' title='bbox 1195 5142 1267 5199; x_wconf 81' lang='lat' dir='ltr'><strong>Deus</strong></span> <span class='ocrx_word' id='word_1_901' title='bbox 1289 5140 1394 5210; x_wconf 89' lang='lat' dir='ltr'><strong>dieitur,</strong></span> <span class='ocrx_word' id='word_1_902' title='bbox 1416 5154 1537 5212; x_wconf 85' lang='lat' dir='ltr'><strong>magnus,</strong></span> <span class='ocrx_word' id='word_1_903' title='bbox 1558 5136 1655 5202; x_wconf 79' lang='grc' dir='ltr'>ιιειιιιε,</span> <span class='ocrx_word' id='word_1_904' title='bbox 1679 5142 1805 5196; x_wconf 68' lang='lat' dir='ltr'><strong>aterum,</strong></span> 
     </span>
     <span class='ocr_line' id='line_1_112' title="bbox 1021 5221 1804 5306; baseline -0.022 -15"><span class='ocrx_word' id='word_1_905' title='bbox 1021 5235 1201 5306; x_wconf 88' lang='lat' dir='ltr'><strong>omnipotens,</strong></span> <span class='ocrx_word' id='word_1_906' title='bbox 1217 5233 1340 5302; x_wconf 84' lang='lat' dir='ltr'><strong>idemque</strong></span> <span class='ocrx_word' id='word_1_907' title='bbox 1352 5232 1409 5301; x_wconf 89' lang='lat' dir='ltr'><strong>ipsc</strong></span> <span class='ocrx_word' id='word_1_908' title='bbox 1420 5244 1467 5285; x_wconf 89' lang='lat' dir='ltr'><strong>sua</strong></span> <span class='ocrx_word' id='word_1_909' title='bbox 1479 5229 1519 5284; x_wconf 89' lang='lat' dir='ltr'><strong>sic</strong></span> <span class='ocrx_word' id='word_1_910' title='bbox 1530 5227 1581 5285; x_wconf 90' lang='lat' dir='ltr'><strong>diei</strong></span> <span class='ocrx_word' id='word_1_911' title='bbox 1593 5232 1684 5295; x_wconf 85' lang='lat' dir='ltr'><strong>petest</strong></span> <span class='ocrx_word' id='word_1_912' title='bbox 1703 5221 1804 5285; x_wconf 86' lang='lat' dir='ltr'><strong>deitas,</strong></span> 
     </span>
    </p>
   </div>
   <div class='ocr_carea' id='block_1_11' title="bbox 183 5309 1807 5396">
    <p class='ocr_par' dir='ltr' id='par_1_12' title="bbox 183 5309 1807 5396">
     <span class='ocr_line' id='line_1_113' title="bbox 183 5309 1807 5396; baseline -0.017 -7"><span class='ocrx_word' id='word_1_913' title='bbox 183 5318 308 5388; x_wconf 85' lang='lat' dir='ltr'><strong>Sed-quia</strong></span> <span class='ocrx_word' id='word_1_914' title='bbox 321 5327 411 5375; x_wconf 59' lang='lat' dir='ltr'><strong>&#39;milli</strong></span> <span class='ocrx_word' id='word_1_915' title='bbox 422 5314 546 5388; x_wconf 69' lang='lat' dir='ltr'><strong>¹⁰&lt;l¹¹⁰¹¹¹ll</strong></span> <span class='ocrx_word' id='word_1_916' title='bbox 560 5310 726 5370; x_wconf 62' lang='lat' dir='ltr'><strong>⁰⁰⁰⁸¹¹2¹¹¹d⁰</strong></span> <span class='ocrx_word' id='word_1_917' title='bbox 735 5310 790 5382; x_wconf 57' lang='lat'><strong>1²³⁰</strong></span> <span class='ocrx_word' id='word_1_918' title='bbox 801 5309 931 5373; x_wconf 60' lang='grc' dir='ltr'><strong>θῧῑῑῃῦῑῑν</strong></span> <span class='ocrx_word' id='word_1_919' title='bbox 941 5316 971 5365; x_wconf 68' lang='grc' dir='ltr'><strong>ὓῑ</strong></span> <span class='ocrx_word' id='word_1_920' title='bbox 1022 5326 1080 5396; x_wconf 90' lang='lat' dir='ltr'><strong>ipse</strong></span> <span class='ocrx_word' id='word_1_921' title='bbox 1093 5338 1140 5381; x_wconf 91' lang='lat' dir='ltr'><strong>sua</strong></span> <span class='ocrx_word' id='word_1_922' title='bbox 1152 5321 1315 5394; x_wconf 88' lang='lat' dir='ltr'><strong>magnitudo,</strong></span> <span class='ocrx_word' id='word_1_923' title='bbox 1339 5321 1396 5390; x_wconf 89' lang='lat' dir='ltr'><strong>ipse</strong></span> <span class='ocrx_word' id='word_1_924' title='bbox 1409 5332 1455 5375; x_wconf 91' lang='lat' dir='ltr'><strong>sua</strong></span> <span class='ocrx_word' id='word_1_925' title='bbox 1465 5317 1580 5383; x_wconf 88' lang='lat' dir='ltr'><strong>benitas,</strong></span> <span class='ocrx_word' id='word_1_926' title='bbox 1600 5314 1658 5385; x_wconf 84' lang='lat' dir='ltr'><strong>ipse</strong></span> <span class='ocrx_word' id='word_1_927' title='bbox 1670 5324 1717 5366; x_wconf 90' lang='lat' dir='ltr'><strong>sua</strong></span> <span class='ocrx_word' id='word_1_928' title='bbox 1729 5316 1807 5364; x_wconf 78' lang='lat' dir='ltr'><strong>mter·</strong></span> 
     </span>
    </p>
   </div>
   <div class='ocr_carea' id='block_1_12' title="bbox 185 5399 970 5479">
    <p class='ocr_par' dir='ltr' id='par_1_13' title="bbox 185 5399 970 5479">
     <span class='ocr_line' id='line_1_114' title="bbox 185 5399 970 5479; baseline -0.011 -15"><span class='ocrx_word' id='word_1_929' title='bbox 185 5410 236 5465; x_wconf 81' lang='lat' dir='ltr'><strong>line</strong></span> <span class='ocrx_word' id='word_1_930' title='bbox 259 5407 420 5479; x_wconf 88' lang='lat' dir='ltr'><strong>intelligatur</strong></span> <span class='ocrx_word' id='word_1_931' title='bbox 439 5421 500 5463; x_wconf 89' lang='lat' dir='ltr'><strong>eum</strong></span> <span class='ocrx_word' id='word_1_932' title='bbox 517 5403 631 5461; x_wconf 89' lang='lat' dir='ltr'><strong>dicimus</strong></span> <span class='ocrx_word' id='word_1_933' title='bbox 641 5401 794 5468; x_wconf 66' lang='lat' dir='ltr'><strong>arentiam,</strong></span> <span class='ocrx_word' id='word_1_934' title='bbox 806 5399 876 5472; x_wconf 93' lang='lat' dir='ltr'><strong>quod</strong></span> <span class='ocrx_word' id='word_1_935' title='bbox 890 5399 970 5456; x_wconf 93' lang='lat' dir='ltr'><strong>intel·</strong></span> 
     </span>
    </p>
   </div>
   <div class='ocr_carea' id='block_1_13' title="bbox 185 5529 970 5649">
    <p class='ocr_par' dir='ltr' id='par_1_14' title="bbox 185 5529 970 5649">
     <span class='ocr_line' id='line_1_115' title="bbox 185 5529 970 5649; baseline -0.006 -60"><span class='ocrx_word' id='word_1_936' title='bbox 185 5536 323 5649; x_wconf 52' lang='grc' dir='ltr'>Νιιιιιιιει</span> <span class='ocrx_word' id='word_1_937' title='bbox 344 5542 415 5597; x_wconf 81' lang='lat' dir='ltr'><strong>tiss,</strong></span> <span class='ocrx_word' id='word_1_938' title='bbox 440 5532 549 5587; x_wconf 67' lang='lat' dir='ltr'><strong>rindliter</strong></span> <span class='ocrx_word' id='word_1_939' title='bbox 576 5532 673 5589; x_wconf 78' lang='lat' dir='ltr'><strong>dicun.</strong></span> <span class='ocrx_word' id='word_1_940' title='bbox 697 5532 825 5592; x_wconf 79' lang='lat' dir='ltr'><strong>bennolii,</strong></span> <span class='ocrx_word' id='word_1_941' title='bbox 847 5538 883 5623; x_wconf 77' lang='grc' dir='ltr'><strong>ιεεΙ</strong></span> <span class='ocrx_word' id='word_1_942' title='bbox 905 5529 970 5601; x_wconf 72' lang='lat' dir='ltr'><strong>dicl-</strong></span> 
     </span>
    </p>
   </div>
   <div class='ocr_carea' id='block_1_14' title="bbox 998 5395 1805 5484">
    <p class='ocr_par' dir='ltr' id='par_1_15' title="bbox 998 5395 1805 5484">
     <span class='ocr_line' id='line_1_116' title="bbox 998 5395 1805 5484; baseline -0.025 -12"><span class='ocrx_word' id='word_1_943' title='bbox 998 5424 1001 5431; x_wconf 86' lang='lat'>&#39;</span> <span class='ocrx_word' id='word_1_944' title='bbox 1023 5415 1101 5483; x_wconf 90' lang='lat' dir='ltr'><strong>nitas,</strong></span> <span class='ocrx_word' id='word_1_945' title='bbox 1116 5413 1174 5484; x_wconf 91' lang='lat' dir='ltr'><strong>ipse</strong></span> <span class='ocrx_word' id='word_1_946' title='bbox 1183 5426 1230 5467; x_wconf 90' lang='lat' dir='ltr'><strong>sua</strong></span> <span class='ocrx_word' id='word_1_947' title='bbox 1243 5408 1431 5480; x_wconf 88' lang='lat' dir='ltr'><strong>omnipotentia</strong></span> <span class='ocrx_word' id='word_1_948' title='bbox 1448 5421 1521 5462; x_wconf 92' lang='lat' dir='ltr'><strong>:non</strong></span> <span class='ocrx_word' id='word_1_949' title='bbox 1536 5406 1574 5461; x_wconf 89' lang='lat' dir='ltr'><strong>sic</strong></span> <span class='ocrx_word' id='word_1_950' title='bbox 1584 5408 1675 5474; x_wconf 85' lang='lat' dir='ltr'><strong>potest</strong></span> <span class='ocrx_word' id='word_1_951' title='bbox 1685 5397 1736 5455; x_wconf 89' lang='lat' dir='ltr'><strong>dici</strong></span> <span class='ocrx_word' id='word_1_952' title='bbox 1749 5395 1805 5452; x_wconf 76' lang='lat' dir='ltr'><strong>Tri·</strong></span> 
     </span>
    </p>
   </div>
   <div class='ocr_carea' id='block_1_15' title="bbox 1057 5586 1427 5645">
    <p class='ocr_par' dir='ltr' id='par_1_16' title="bbox 1057 5586 1427 5645">
     <span class='ocr_line' id='line_1_117' title="bbox 1057 5586 1427 5645; baseline -0.019 -5"><span class='ocrx_word' id='word_1_953' title='bbox 1057 5592 1065 5622; x_wconf 88' lang='lat'><strong>¹</strong></span> <span class='ocrx_word' id='word_1_954' title='bbox 1078 5588 1130 5639; x_wconf 81' lang='lat' dir='ltr'><strong>sola</strong></span> <span class='ocrx_word' id='word_1_955' title='bbox 1142 5586 1194 5639; x_wconf 90' lang='lat' dir='ltr'><strong>lere</strong></span> <span class='ocrx_word' id='word_1_956' title='bbox 1206 5586 1280 5637; x_wconf 84' lang='lat' dir='ltr'><strong>eetuo</strong></span> <span class='ocrx_word' id='word_1_957' title='bbox 1286 5591 1352 5645; x_wconf 76' lang='lat' dir='ltr'><strong>tou,</strong></span> <span class='ocrx_word' id='word_1_958' title='bbox 1363 5591 1427 5642; x_wconf 78' lang='lat' dir='ltr'><strong>prun.</strong></span> 
     </span>
    </p>
   </div>
   <div class='ocr_carea' id='block_1_16' title="bbox 0 0 1992 6356">
    <p class='ocr_par' dir='ltr' id='par_1_17' title="bbox 0 0 1992 6356">
     <span class='ocr_line' id='line_1_118' title="bbox 0 0 1992 6356; baseline 0 0"><span class='ocrx_word' id='word_1_959' title='bbox 0 0 1992 6356; x_wconf 95' lang='lat' dir='ltr'><strong> </strong></span> 
     </span>
    </p>
   </div>
  </div>
 </body>
</html>
