<?xml version="1.0" encoding="UTF-8"?>
<!DOCTYPE html PUBLIC "-//W3C//DTD XHTML 1.0 Transitional//EN"
    "http://www.w3.org/TR/xhtml1/DTD/xhtml1-transitional.dtd">
<html xmlns="http://www.w3.org/1999/xhtml" xml:lang="en" lang="en">
 <head>
  <title>
</title>
<meta http-equiv="Content-Type" content="text/html;charset=utf-8" />
  <meta name='ocr-system' content='tesseract 3.04.00' />
  <meta name='ocr-capabilities' content='ocr_page ocr_carea ocr_par ocr_line ocrx_word'/>
</head>
<body>
  <div class='ocr_page' id='page_1' title='image "./sanctiaureliiau03augugoog/sanctiaureliiau03augugoog_0495.png"; bbox 0 0 3938 6360; ppageno 0'>
   <div class='ocr_carea' id='block_1_1' title="bbox 163 293 215 353">
    <p class='ocr_par' dir='ltr' id='par_1_1' title="bbox 163 293 215 353">
     <span class='ocr_line' id='line_1_1' title="bbox 163 293 215 353; baseline 0.019 -2"><span class='ocrx_word' id='word_1_1' title='bbox 163 293 215 353; x_wconf 79' lang='lat' dir='ltr'>sto</span> 
     </span>
    </p>
   </div>
   <div class='ocr_carea' id='block_1_2' title="bbox 161 403 960 5481">
    <p class='ocr_par' dir='ltr' id='par_1_2' title="bbox 161 403 958 2114">
     <span class='ocr_line' id='line_1_2' title="bbox 161 403 949 478; baseline -0.011 -14"><span class='ocrx_word' id='word_1_2' title='bbox 161 423 222 464; x_wconf 90' lang='lat' dir='ltr'>eum</span> <span class='ocrx_word' id='word_1_3' title='bbox 236 409 291 464; x_wconf 86' lang='lat' dir='ltr'>sint</span> <span class='ocrx_word' id='word_1_4' title='bbox 304 408 386 464; x_wconf 85' lang='lat' dir='ltr'>millia</span> <span class='ocrx_word' id='word_1_5' title='bbox 399 406 510 463; x_wconf 88' lang='lat' dir='ltr'>millium</span> <span class='ocrx_word' id='word_1_6' title='bbox 524 405 546 478; x_wconf 80' lang='lat' dir='ltr'>(l</span> <span class='ocrx_word' id='word_1_7' title='bbox 557 406 637 476; x_wconf 82' lang='lat' dir='ltr'>Apoc.</span> <span class='ocrx_word' id='word_1_8' title='bbox 650 419 676 469; x_wconf 83' lang='lat' dir='ltr'>r,</span> <span class='ocrx_word' id='word_1_9' title='bbox 691 404 747 474; x_wconf 88' lang='lat' dir='ltr'>ll),</span> <span class='ocrx_word' id='word_1_10' title='bbox 762 403 788 458; x_wconf 89' lang='lat' dir='ltr'>in</span> <span class='ocrx_word' id='word_1_11' title='bbox 802 417 882 458; x_wconf 92' lang='lat' dir='ltr'>uuum</span> <span class='ocrx_word' id='word_1_12' title='bbox 893 403 949 457; x_wconf 92' lang='lat' dir='ltr'>col-</span> 
     </span>
     <span class='ocr_line' id='line_1_3' title="bbox 164 494 950 568; baseline -0.008 -15"><span class='ocrx_word' id='word_1_13' title='bbox 164 499 209 553; x_wconf 81' lang='lat' dir='ltr'>lati</span> <span class='ocrx_word' id='word_1_14' title='bbox 220 514 287 554; x_wconf 88' lang='lat' dir='ltr'>unns</span> <span class='ocrx_word' id='word_1_15' title='bbox 302 498 383 565; x_wconf 83' lang='lat' dir='ltr'>iiarrt,</span> <span class='ocrx_word' id='word_1_16' title='bbox 397 512 448 554; x_wconf 88' lang='lat' dir='ltr'>nec</span> <span class='ocrx_word' id='word_1_17' title='bbox 463 498 516 553; x_wconf 86' lang='lat' dir='ltr'>tale</span> <span class='ocrx_word' id='word_1_18' title='bbox 527 497 626 568; x_wconf 81' lang='lat' dir='ltr'>aliquid</span> <span class='ocrx_word' id='word_1_19' title='bbox 640 496 708 551; x_wconf 83' lang='lat' dir='ltr'>bees</span> <span class='ocrx_word' id='word_1_20' title='bbox 722 503 772 551; x_wconf 86' lang='lat' dir='ltr'>est.</span> <span class='ocrx_word' id='word_1_21' title='bbox 784 494 840 550; x_wconf 90' lang='lat' dir='ltr'>Nec</span> <span class='ocrx_word' id='word_1_22' title='bbox 852 494 873 548; x_wconf 88' lang='lat' dir='ltr'>si</span> <span class='ocrx_word' id='word_1_23' title='bbox 890 510 950 548; x_wconf 84' lang='lat' dir='ltr'>eos·</span> 
     </span>
     <span class='ocr_line' id='line_1_4' title="bbox 162 587 950 660; baseline -0.006 -16"><span class='ocrx_word' id='word_1_24' title='bbox 162 589 223 644; x_wconf 88' lang='lat' dir='ltr'>dent</span> <span class='ocrx_word' id='word_1_25' title='bbox 237 590 346 660; x_wconf 90' lang='lat' dir='ltr'>spiritus</span> <span class='ocrx_word' id='word_1_26' title='bbox 367 590 425 645; x_wconf 89' lang='lat' dir='ltr'>sinc</span> <span class='ocrx_word' id='word_1_27' title='bbox 445 589 602 660; x_wconf 84' lang='lat' dir='ltr'>corporibus</span> <span class='ocrx_word' id='word_1_28' title='bbox 621 589 736 658; x_wconf 83' lang='lat' dir='ltr'>cogites,</span> <span class='ocrx_word' id='word_1_29' title='bbox 759 587 829 655; x_wconf 82' lang='lat' dir='ltr'>quod</span> <span class='ocrx_word' id='word_1_30' title='bbox 844 587 950 658; x_wconf 84' lang='lat' dir='ltr'>qtridem</span> 
     </span>
     <span class='ocr_line' id='line_1_5' title="bbox 163 680 954 752; baseline -0.005 -16"><span class='ocrx_word' id='word_1_31' title='bbox 163 681 262 736; x_wconf 85' lang='lat' dir='ltr'>carnali</span> <span class='ocrx_word' id='word_1_32' title='bbox 275 683 427 752; x_wconf 67' lang='lat' dir='ltr'>cogitationi</span> <span class='ocrx_word' id='word_1_33' title='bbox 440 682 626 738; x_wconf 77' lang='lat' dir='ltr'>difficillimum</span> <span class='ocrx_word' id='word_1_34' title='bbox 641 690 692 736; x_wconf 90' lang='lat' dir='ltr'>cst.</span> <span class='ocrx_word' id='word_1_35' title='bbox 705 681 772 735; x_wconf 81' lang='lat' dir='ltr'>b&#39;ecc</span> <span class='ocrx_word' id='word_1_36' title='bbox 785 680 853 745; x_wconf 87' lang='lat' dir='ltr'>ride,</span> <span class='ocrx_word' id='word_1_37' title='bbox 869 680 890 734; x_wconf 90' lang='lat' dir='ltr'>si</span> <span class='ocrx_word' id='word_1_38' title='bbox 906 693 954 748; x_wconf 87' lang='lat' dir='ltr'>po·</span> 
     </span>
     <span class='ocr_line' id='line_1_6' title="bbox 164 769 949 845; baseline -0.005 -20"><span class='ocrx_word' id='word_1_39' title='bbox 164 780 215 837; x_wconf 88' lang='lat' dir='ltr'>tcs,</span> <span class='ocrx_word' id='word_1_40' title='bbox 231 786 247 825; x_wconf 93' lang='lat' dir='ltr'>o</span> <span class='ocrx_word' id='word_1_41' title='bbox 261 772 350 827; x_wconf 88' lang='lat' dir='ltr'>anima</span> <span class='ocrx_word' id='word_1_42' title='bbox 363 782 526 845; x_wconf 52' lang='lat' dir='ltr'>praegrauata</span> <span class='ocrx_word' id='word_1_43' title='bbox 540 787 652 841; x_wconf 85' lang='lat' dir='ltr'>corpure</span> <span class='ocrx_word' id='word_1_44' title='bbox 666 769 738 841; x_wconf 76' lang='lat' dir='ltr'>tprred</span> <span class='ocrx_word' id='word_1_45' title='bbox 760 771 949 839; x_wconf 71' lang='lat' dir='ltr'>corrumpitur,</span> 
     </span>
     <span class='ocr_line' id='line_1_7' title="bbox 163 859 954 932; baseline -0.003 -18"><span class='ocrx_word' id='word_1_46' title='bbox 163 869 191 914; x_wconf 93' lang='grc' dir='ltr'>ει</span> <span class='ocrx_word' id='word_1_47' title='bbox 204 869 298 915; x_wconf 87' lang='grc' dir='ltr'>οεεειε</span> <span class='ocrx_word' id='word_1_48' title='bbox 309 864 422 917; x_wconf 87' lang='lat' dir='ltr'>terrenis</span> <span class='ocrx_word' id='word_1_49' title='bbox 433 862 635 932; x_wconf 89' lang='lat' dir='ltr'>cogitationibus</span> <span class='ocrx_word' id='word_1_50' title='bbox 646 859 737 915; x_wconf 89' lang='lat' dir='ltr'>multis</span> <span class='ocrx_word' id='word_1_51' title='bbox 745 869 773 914; x_wconf 92' lang='grc' dir='ltr'>ει</span> <span class='ocrx_word' id='word_1_52' title='bbox 782 859 878 922; x_wconf 84' lang='lat' dir='ltr'>rariis;</span> <span class='ocrx_word' id='word_1_53' title='bbox 891 872 954 913; x_wconf 90' lang='lat' dir='ltr'>eece</span> 
     </span>
     <span class='ocr_line' id='line_1_8' title="bbox 164 949 953 1025; baseline 0.001 -22"><span class='ocrx_word' id='word_1_54' title='bbox 164 951 235 1017; x_wconf 87' lang='lat' dir='ltr'>ride,</span> <span class='ocrx_word' id='word_1_55' title='bbox 250 953 272 1007; x_wconf 84' lang='lat' dir='ltr'>si</span> <span class='ocrx_word' id='word_1_56' title='bbox 287 962 363 1023; x_wconf 86' lang='lat' dir='ltr'>potes</span> <span class='ocrx_word' id='word_1_57' title='bbox 376 970 384 1008; x_wconf 78' lang='lat' dir='ltr'><strong><em>z</em></strong></span> <span class='ocrx_word' id='word_1_58' title='bbox 399 954 468 1009; x_wconf 76' lang='lat' dir='ltr'>licus</span> <span class='ocrx_word' id='word_1_59' title='bbox 482 953 588 1009; x_wconf 76' lang='lat' dir='ltr'>Veritas</span> <span class='ocrx_word' id='word_1_60' title='bbox 607 960 648 1007; x_wconf 89' lang='grc' dir='ltr'>εει</span> <span class='ocrx_word' id='word_1_61' title='bbox 659 951 669 1025; x_wconf 86' lang='grc'><strong>(</strong></span> <span class='ocrx_word' id='word_1_62' title='bbox 680 950 744 1022; x_wconf 87' lang='lat' dir='ltr'>Sap.</span> <span class='ocrx_word' id='word_1_63' title='bbox 758 968 793 1016; x_wconf 87' lang='lat' dir='ltr'>ut,</span> <span class='ocrx_word' id='word_1_64' title='bbox 810 950 873 1022; x_wconf 75' lang='lat'>15).</span> <span class='ocrx_word' id='word_1_65' title='bbox 897 949 953 1005; x_wconf 90' lang='lat' dir='ltr'>lloc</span> 
     </span>
     <span class='ocr_line' id='line_1_9' title="bbox 163 1042 949 1116; baseline -0.003 -17"><span class='ocrx_word' id='word_1_66' title='bbox 163 1045 236 1099; x_wconf 81' lang='lat' dir='ltr'>serint</span> <span class='ocrx_word' id='word_1_67' title='bbox 250 1047 378 1116; x_wconf 85' lang='lat' dir='ltr'>scriptum</span> <span class='ocrx_word' id='word_1_68' title='bbox 392 1055 443 1115; x_wconf 87' lang='lat' dir='ltr'>est,</span> <span class='ocrx_word' id='word_1_69' title='bbox 460 1045 585 1112; x_wconf 78' lang='lat' dir='ltr'>Quoniam</span> <span class='ocrx_word' id='word_1_70' title='bbox 601 1043 671 1098; x_wconf 80' lang='lat' dir='ltr'>Deus</span> <span class='ocrx_word' id='word_1_71' title='bbox 683 1044 729 1107; x_wconf 80' lang='lat' dir='ltr'>iae</span> <span class='ocrx_word' id='word_1_72' title='bbox 745 1052 781 1098; x_wconf 84' lang='lat' dir='ltr'>ert</span> <span class='ocrx_word' id='word_1_73' title='bbox 794 1042 803 1113; x_wconf 88' lang='grc'><strong>(</strong></span> <span class='ocrx_word' id='word_1_74' title='bbox 816 1042 824 1095; x_wconf 94' lang='grc' dir='ltr'>Ι</span> <span class='ocrx_word' id='word_1_75' title='bbox 835 1042 913 1097; x_wconf 79' lang='lat' dir='ltr'>doun.</span> <span class='ocrx_word' id='word_1_76' title='bbox 929 1058 949 1109; x_wconf 88' lang='lat'>1,</span> 
     </span>
     <span class='ocr_line' id='line_1_10' title="bbox 165 1131 954 1206; baseline -0.004 -17"><span class='ocrx_word' id='word_1_77' title='bbox 165 1133 193 1205; x_wconf 80' lang='lat'>5)</span> <span class='ocrx_word' id='word_1_78' title='bbox 208 1149 278 1190; x_wconf 91' lang='lat' dir='ltr'>:non</span> <span class='ocrx_word' id='word_1_79' title='bbox 290 1135 423 1206; x_wconf 84' lang='lat' dir='ltr'>quomodo</span> <span class='ocrx_word' id='word_1_80' title='bbox 434 1135 476 1190; x_wconf 88' lang='lat' dir='ltr'>isti</span> <span class='ocrx_word' id='word_1_81' title='bbox 488 1135 556 1189; x_wconf 88' lang='lat' dir='ltr'>oculi</span> <span class='ocrx_word' id='word_1_82' title='bbox 571 1133 669 1199; x_wconf 80' lang='lat' dir='ltr'>rident,</span> <span class='ocrx_word' id='word_1_83' title='bbox 681 1131 727 1189; x_wconf 91' lang='lat' dir='ltr'>scd</span> <span class='ocrx_word' id='word_1_84' title='bbox 739 1131 871 1202; x_wconf 82' lang='lat' dir='ltr'>quomodo</span> <span class='ocrx_word' id='word_1_85' title='bbox 882 1131 954 1186; x_wconf 89' lang='lat' dir='ltr'>ridet</span> 
     </span>
     <span class='ocr_line' id='line_1_11' title="bbox 165 1223 951 1297; baseline -0.006 -15"><span class='ocrx_word' id='word_1_86' title='bbox 165 1240 223 1293; x_wconf 89' lang='lat' dir='ltr'>cor,</span> <span class='ocrx_word' id='word_1_87' title='bbox 236 1240 297 1282; x_wconf 90' lang='lat' dir='ltr'>cum</span> <span class='ocrx_word' id='word_1_88' title='bbox 315 1226 391 1282; x_wconf 88' lang='lat' dir='ltr'>audis</span> <span class='ocrx_word' id='word_1_89' title='bbox 402 1227 420 1293; x_wconf 86' lang='lat'>¹,</span> <span class='ocrx_word' id='word_1_90' title='bbox 430 1225 536 1283; x_wconf 77' lang='lat' dir='ltr'>Veritas</span> <span class='ocrx_word' id='word_1_91' title='bbox 555 1235 604 1281; x_wconf 91' lang='grc' dir='ltr'>εει.</span> <span class='ocrx_word' id='word_1_92' title='bbox 620 1224 677 1280; x_wconf 88' lang='lat' dir='ltr'>Noli</span> <span class='ocrx_word' id='word_1_93' title='bbox 697 1239 816 1295; x_wconf 73' lang='lat' dir='ltr'>perurere</span> <span class='ocrx_word' id='word_1_94' title='bbox 834 1223 898 1297; x_wconf 88' lang='lat' dir='ltr'>quid</span> <span class='ocrx_word' id='word_1_95' title='bbox 916 1223 951 1278; x_wconf 85' lang='lat' dir='ltr'>sit</span> 
     </span>
     <span class='ocr_line' id='line_1_12' title="bbox 165 1313 954 1391; baseline -0.004 -22"><span class='ocrx_word' id='word_1_96' title='bbox 165 1317 281 1382; x_wconf 74' lang='grc' dir='ltr'>εεείιεες</span> <span class='ocrx_word' id='word_1_97' title='bbox 295 1319 382 1372; x_wconf 83' lang='grc' dir='ltr'>ειειιιε</span> <span class='ocrx_word' id='word_1_98' title='bbox 395 1318 466 1373; x_wconf 87' lang='lat' dir='ltr'>enim</span> <span class='ocrx_word' id='word_1_99' title='bbox 480 1332 510 1374; x_wconf 89' lang='lat' dir='ltr'>se</span> <span class='ocrx_word' id='word_1_100' title='bbox 519 1325 660 1391; x_wconf 86' lang='lat' dir='ltr'>opponent</span> <span class='ocrx_word' id='word_1_101' title='bbox 671 1315 797 1386; x_wconf 74' lang='lat' dir='ltr'>caligines</span> <span class='ocrx_word' id='word_1_102' title='bbox 811 1313 954 1383; x_wconf 88' lang='lat' dir='ltr'>imaginum</span> 
     </span>
     <span class='ocr_line' id='line_1_13' title="bbox 166 1403 956 1479; baseline -0.006 -17"><span class='ocrx_word' id='word_1_103' title='bbox 166 1406 343 1479; x_wconf 83' lang='lat' dir='ltr'>corporalium</span> <span class='ocrx_word' id='word_1_104' title='bbox 353 1415 381 1463; x_wconf 91' lang='lat' dir='ltr'>ct</span> <span class='ocrx_word' id='word_1_105' title='bbox 389 1406 477 1462; x_wconf 90' lang='lat' dir='ltr'>nubila</span> <span class='ocrx_word' id='word_1_106' title='bbox 488 1407 714 1479; x_wconf 80' lang='lat' dir='ltr'>plrontasmaturn,</span> <span class='ocrx_word' id='word_1_107' title='bbox 725 1415 751 1461; x_wconf 92' lang='lat' dir='ltr'>ct</span> <span class='ocrx_word' id='word_1_108' title='bbox 766 1403 956 1475; x_wconf 87' lang='lat' dir='ltr'>perturbabunt</span> 
     </span>
     <span class='ocr_line' id='line_1_14' title="bbox 166 1494 958 1570; baseline -0.004 -16"><span class='ocrx_word' id='word_1_109' title='bbox 166 1499 356 1565; x_wconf 84' lang='lat' dir='ltr'>serenitatem,</span> <span class='ocrx_word' id='word_1_110' title='bbox 376 1514 436 1570; x_wconf 81' lang='lat' dir='ltr'>quae</span> <span class='ocrx_word' id='word_1_111' title='bbox 454 1499 540 1569; x_wconf 89' lang='lat' dir='ltr'>primo</span> <span class='ocrx_word' id='word_1_112' title='bbox 555 1499 607 1553; x_wconf 88' lang='lat' dir='ltr'>ictu</span> <span class='ocrx_word' id='word_1_113' title='bbox 619 1498 714 1554; x_wconf 82' lang='lat' dir='ltr'>diluxit</span> <span class='ocrx_word' id='word_1_114' title='bbox 733 1496 796 1561; x_wconf 89' lang='lat' dir='ltr'>tibi,</span> <span class='ocrx_word' id='word_1_115' title='bbox 810 1511 870 1551; x_wconf 92' lang='lat' dir='ltr'>eum</span> <span class='ocrx_word' id='word_1_116' title='bbox 885 1494 958 1551; x_wconf 86' lang='lat' dir='ltr'>dic·</span> 
     </span>
     <span class='ocr_line' id='line_1_15' title="bbox 166 1587 957 1665; baseline -0.005 -20"><span class='ocrx_word' id='word_1_117' title='bbox 166 1606 240 1658; x_wconf 94' lang='lat' dir='ltr'>rcm,</span> <span class='ocrx_word' id='word_1_118' title='bbox 254 1590 367 1645; x_wconf 77' lang='lat' dir='ltr'>Veritas.</span> <span class='ocrx_word' id='word_1_119' title='bbox 382 1591 450 1646; x_wconf 78' lang='lat' dir='ltr'>Ecce</span> <span class='ocrx_word' id='word_1_120' title='bbox 463 1591 489 1646; x_wconf 89' lang='lat' dir='ltr'>in</span> <span class='ocrx_word' id='word_1_121' title='bbox 505 1590 563 1665; x_wconf 89' lang='lat' dir='ltr'>ipso</span> <span class='ocrx_word' id='word_1_122' title='bbox 577 1590 661 1660; x_wconf 90' lang='lat' dir='ltr'>primo</span> <span class='ocrx_word' id='word_1_123' title='bbox 680 1589 732 1643; x_wconf 81' lang='lat' dir='ltr'>icto</span> <span class='ocrx_word' id='word_1_124' title='bbox 752 1602 805 1657; x_wconf 83' lang='lat' dir='ltr'>quo</span> <span class='ocrx_word' id='word_1_125' title='bbox 822 1587 894 1641; x_wconf 82' lang='lat' dir='ltr'>velot</span> <span class='ocrx_word' id='word_1_126' title='bbox 910 1600 957 1641; x_wconf 89' lang='lat' dir='ltr'>co-</span> 
     </span>
     <span class='ocr_line' id='line_1_16' title="bbox 166 1678 957 1752; baseline 0 -18"><span class='ocrx_word' id='word_1_127' title='bbox 166 1680 318 1735; x_wconf 84' lang='lat' dir='ltr'>ruscatione</span> <span class='ocrx_word' id='word_1_128' title='bbox 330 1679 532 1752; x_wconf 85' lang='lat' dir='ltr'>perstringeris,</span> <span class='ocrx_word' id='word_1_129' title='bbox 547 1695 607 1751; x_wconf 85' lang='lat' dir='ltr'>curn</span> <span class='ocrx_word' id='word_1_130' title='bbox 620 1679 729 1748; x_wconf 88' lang='lat' dir='ltr'>dicitur,</span> <span class='ocrx_word' id='word_1_131' title='bbox 742 1678 863 1745; x_wconf 85' lang='lat' dir='ltr'>Veritas,</span> <span class='ocrx_word' id='word_1_132' title='bbox 879 1693 957 1734; x_wconf 90' lang='lat' dir='ltr'>manc</span> 
     </span>
     <span class='ocr_line' id='line_1_17' title="bbox 165 1767 956 1841; baseline -0.003 -18"><span class='ocrx_word' id='word_1_133' title='bbox 165 1770 188 1823; x_wconf 84' lang='lat' dir='ltr'>si</span> <span class='ocrx_word' id='word_1_134' title='bbox 215 1780 290 1841; x_wconf 87' lang='lat' dir='ltr'>potes</span> <span class='ocrx_word' id='word_1_135' title='bbox 311 1788 317 1824; x_wconf 93' lang='lat'><strong>:</strong></span> <span class='ocrx_word' id='word_1_136' title='bbox 338 1770 385 1826; x_wconf 86' lang='lat' dir='ltr'>scd</span> <span class='ocrx_word' id='word_1_137' title='bbox 410 1786 461 1828; x_wconf 92' lang='lat' dir='ltr'>non</span> <span class='ocrx_word' id='word_1_138' title='bbox 491 1779 582 1840; x_wconf 84' lang='lat' dir='ltr'>potcs;</span> <span class='ocrx_word' id='word_1_139' title='bbox 609 1768 737 1825; x_wconf 85' lang='lat' dir='ltr'>relaberis</span> <span class='ocrx_word' id='word_1_140' title='bbox 759 1767 784 1822; x_wconf 96' lang='lat' dir='ltr'>in</span> <span class='ocrx_word' id='word_1_141' title='bbox 810 1767 859 1823; x_wconf 87' lang='lat' dir='ltr'>ista</span> <span class='ocrx_word' id='word_1_142' title='bbox 880 1767 956 1823; x_wconf 88' lang='lat' dir='ltr'>solita</span> 
     </span>
     <span class='ocr_line' id='line_1_18' title="bbox 166 1856 956 1931; baseline -0.005 -17"><span class='ocrx_word' id='word_1_143' title='bbox 166 1868 246 1931; x_wconf 80' lang='lat' dir='ltr'>etque</span> <span class='ocrx_word' id='word_1_144' title='bbox 260 1869 375 1916; x_wconf 89' lang='lat' dir='ltr'>terrena.</span> <span class='ocrx_word' id='word_1_145' title='bbox 391 1859 450 1929; x_wconf 87' lang='lat' dir='ltr'>Quo</span> <span class='ocrx_word' id='word_1_146' title='bbox 466 1860 571 1915; x_wconf 88' lang='lat' dir='ltr'>tandem</span> <span class='ocrx_word' id='word_1_147' title='bbox 583 1857 718 1929; x_wconf 89' lang='lat' dir='ltr'>pondere,</span> <span class='ocrx_word' id='word_1_148' title='bbox 735 1872 842 1927; x_wconf 83' lang='lat' dir='ltr'>qrrnso,</span> <span class='ocrx_word' id='word_1_149' title='bbox 854 1856 956 1911; x_wconf 90' lang='lat' dir='ltr'>relabe-</span> 
     </span>
     <span class='ocr_line' id='line_1_19' title="bbox 167 1940 958 2021; baseline -0.004 -15"><span class='ocrx_word' id='word_1_150' title='bbox 167 1940 223 2017; x_wconf 75' lang='lat' dir='ltr'>ris,</span> <span class='ocrx_word' id='word_1_151' title='bbox 238 1954 288 2008; x_wconf 90' lang='lat' dir='ltr'>nisi</span> <span class='ocrx_word' id='word_1_152' title='bbox 304 1942 422 2008; x_wconf 87' lang='lat' dir='ltr'>sordium</span> <span class='ocrx_word' id='word_1_153' title='bbox 443 1961 639 2008; x_wconf 82' lang='lat' dir='ltr'>contractarum</span> <span class='ocrx_word' id='word_1_154' title='bbox 661 1949 812 2021; x_wconf 81' lang='lat' dir='ltr'>cupiditatis</span> <span class='ocrx_word' id='word_1_155' title='bbox 836 1949 908 2004; x_wconf 89' lang='lat' dir='ltr'>riseo</span> <span class='ocrx_word' id='word_1_156' title='bbox 931 1957 958 2004; x_wconf 90' lang='lat' dir='ltr'>et</span> 
     </span>
     <span class='ocr_line' id='line_1_20' title="bbox 168 2044 559 2114; baseline 0.005 -18"><span class='ocrx_word' id='word_1_157' title='bbox 168 2045 388 2114; x_wconf 76' lang='lat' dir='ltr'>perigrinationis</span> <span class='ocrx_word' id='word_1_158' title='bbox 400 2044 537 2100; x_wconf 87' lang='lat' dir='ltr'>erroribus</span> <span class='ocrx_word' id='word_1_159' title='bbox 547 2045 559 2098; x_wconf 77' lang='lat' dir='ltr'>l</span> 
     </span>
    </p>

    <p class='ocr_par' dir='ltr' id='par_1_3' title="bbox 164 2131 960 5481">
     <span class='ocr_line' id='line_1_21' title="bbox 202 2131 959 2205; baseline -0.005 -17"><span class='ocrx_word' id='word_1_160' title='bbox 202 2133 313 2190; x_wconf 75' lang='lat' dir='ltr'><strong>CAPUT</strong></span> <span class='ocrx_word' id='word_1_161' title='bbox 327 2132 450 2189; x_wconf 81' lang='lat' dir='ltr'>itt-t.</span> <span class='ocrx_word' id='word_1_162' title='bbox 466 2133 599 2202; x_wconf 81' lang='lat' dir='ltr'>Quomodo</span> <span class='ocrx_word' id='word_1_163' title='bbox 622 2140 787 2205; x_wconf 79' lang='lat' dir='ltr'>cognoscatur</span> <span class='ocrx_word' id='word_1_164' title='bbox 810 2131 889 2187; x_wconf 79' lang='lat' dir='ltr'>Derim</span> <span class='ocrx_word' id='word_1_165' title='bbox 906 2147 959 2205; x_wconf 81' lang='lat' dir='ltr'>erre</span> 
     </span>
     <span class='ocr_line' id='line_1_22' title="bbox 166 2220 959 2295; baseline -0.004 -17"><span class='ocrx_word' id='word_1_166' title='bbox 166 2241 290 2279; x_wconf 73' lang='lat' dir='ltr'>urrunnun</span> <span class='ocrx_word' id='word_1_167' title='bbox 304 2226 405 2280; x_wconf 83' lang='lat' dir='ltr'>bonum.</span> <span class='ocrx_word' id='word_1_168' title='bbox 422 2225 528 2279; x_wconf 78' lang='lat' dir='ltr'>detinear</span> <span class='ocrx_word' id='word_1_169' title='bbox 544 2225 645 2279; x_wconf 85' lang='lat' dir='ltr'>nettniri</span> <span class='ocrx_word' id='word_1_170' title='bbox 657 2224 818 2279; x_wconf 73' lang='lat' dir='ltr'>conversione</span> <span class='ocrx_word' id='word_1_171' title='bbox 831 2223 865 2277; x_wconf 86' lang='lat' dir='ltr'>ad</span> <span class='ocrx_word' id='word_1_172' title='bbox 876 2220 959 2295; x_wconf 80' lang='lat' dir='ltr'>Deum</span> 
     </span>
     <span class='ocr_line' id='line_1_23' title="bbox 166 2315 959 2386; baseline 0 -15"><span class='ocrx_word' id='word_1_173' title='bbox 166 2318 195 2384; x_wconf 73' lang='lat' dir='ltr'>lit</span> <span class='ocrx_word' id='word_1_174' title='bbox 209 2319 296 2371; x_wconf 85' lang='lat' dir='ltr'>lenus.</span> <span class='ocrx_word' id='word_1_175' title='bbox 309 2316 379 2373; x_wconf 83' lang='lat' dir='ltr'>Ecce</span> <span class='ocrx_word' id='word_1_176' title='bbox 394 2320 489 2372; x_wconf 87' lang='lat' dir='ltr'>iterum</span> <span class='ocrx_word' id='word_1_177' title='bbox 503 2316 573 2383; x_wconf 87' lang='lat' dir='ltr'>ride,</span> <span class='ocrx_word' id='word_1_178' title='bbox 591 2317 613 2371; x_wconf 90' lang='lat' dir='ltr'>si</span> <span class='ocrx_word' id='word_1_179' title='bbox 626 2324 712 2386; x_wconf 85' lang='lat' dir='ltr'>potes.</span> <span class='ocrx_word' id='word_1_180' title='bbox 729 2315 787 2371; x_wconf 85' lang='lat' dir='ltr'>Non</span> <span class='ocrx_word' id='word_1_181' title='bbox 801 2329 874 2368; x_wconf 89' lang='lat' dir='ltr'>arnas</span> <span class='ocrx_word' id='word_1_182' title='bbox 887 2321 959 2385; x_wconf 82' lang='lat' dir='ltr'>certe</span> 
     </span>
     <span class='ocr_line' id='line_1_24' title="bbox 168 2400 958 2480; baseline -0.005 -17"><span class='ocrx_word' id='word_1_183' title='bbox 168 2409 218 2463; x_wconf 86' lang='lat' dir='ltr'>nisi</span> <span class='ocrx_word' id='word_1_184' title='bbox 241 2408 358 2476; x_wconf 87' lang='lat' dir='ltr'>bonurn,</span> <span class='ocrx_word' id='word_1_185' title='bbox 373 2410 434 2480; x_wconf 83' lang='lat' dir='ltr'>quia</span> <span class='ocrx_word' id='word_1_186' title='bbox 456 2409 523 2464; x_wconf 91' lang='lat' dir='ltr'>bona</span> <span class='ocrx_word' id='word_1_187' title='bbox 538 2417 578 2464; x_wconf 90' lang='lat' dir='ltr'>est</span> <span class='ocrx_word' id='word_1_188' title='bbox 592 2418 662 2463; x_wconf 90' lang='lat' dir='ltr'>terra</span> <span class='ocrx_word' id='word_1_189' title='bbox 677 2407 814 2462; x_wconf 89' lang='lat' dir='ltr'>altitudine</span> <span class='ocrx_word' id='word_1_190' title='bbox 829 2400 958 2461; x_wconf 84' lang='lat' dir='ltr'>montium</span> 
     </span>
     <span class='ocr_line' id='line_1_25' title="bbox 167 2498 959 2570; baseline -0.004 -16"><span class='ocrx_word' id='word_1_191' title='bbox 167 2512 193 2555; x_wconf 92' lang='grc' dir='ltr'>ει</span> <span class='ocrx_word' id='word_1_192' title='bbox 208 2509 417 2570; x_wconf 88' lang='lat' dir='ltr'>temperamento</span> <span class='ocrx_word' id='word_1_193' title='bbox 431 2500 539 2556; x_wconf 85' lang='lat' dir='ltr'>collium</span> <span class='ocrx_word' id='word_1_194' title='bbox 559 2507 587 2555; x_wconf 90' lang='lat' dir='ltr'>et</span> <span class='ocrx_word' id='word_1_195' title='bbox 609 2498 716 2569; x_wconf 84' lang='lat' dir='ltr'>planitie</span> <span class='ocrx_word' id='word_1_196' title='bbox 738 2512 910 2565; x_wconf 60' lang='lat' dir='ltr'>canicorum,</span> <span class='ocrx_word' id='word_1_197' title='bbox 933 2505 959 2551; x_wconf 92' lang='lat' dir='ltr'>et</span> 
     </span>
     <span class='ocr_line' id='line_1_26' title="bbox 168 2587 960 2662; baseline -0.006 -16"><span class='ocrx_word' id='word_1_198' title='bbox 168 2592 266 2646; x_wconf 89' lang='lat' dir='ltr'>bonum</span> <span class='ocrx_word' id='word_1_199' title='bbox 279 2591 409 2662; x_wconf 74' lang='lat' dir='ltr'>predium</span> <span class='ocrx_word' id='word_1_200' title='bbox 425 2605 559 2647; x_wconf 85' lang='lat' dir='ltr'>ornoenum</span> <span class='ocrx_word' id='word_1_201' title='bbox 574 2606 605 2645; x_wconf 88' lang='lat' dir='ltr'>ae</span> <span class='ocrx_word' id='word_1_202' title='bbox 619 2589 725 2654; x_wconf 79' lang='lat' dir='ltr'>fertile,</span> <span class='ocrx_word' id='word_1_203' title='bbox 744 2598 769 2645; x_wconf 92' lang='lat' dir='ltr'>et</span> <span class='ocrx_word' id='word_1_204' title='bbox 782 2589 850 2661; x_wconf 85' lang='lat' dir='ltr'>bonu</span> <span class='ocrx_word' id='word_1_205' title='bbox 865 2587 960 2642; x_wconf 82' lang='lat' dir='ltr'>deutrus</span> 
     </span>
     <span class='ocr_line' id='line_1_27' title="bbox 167 2678 959 2755; baseline -0.004 -20"><span class='ocrx_word' id='word_1_206' title='bbox 167 2682 274 2751; x_wconf 75' lang='lat' dir='ltr'>putribus</span> <span class='ocrx_word' id='word_1_207' title='bbox 288 2681 416 2737; x_wconf 88' lang='lat' dir='ltr'>membris</span> <span class='ocrx_word' id='word_1_208' title='bbox 428 2681 555 2752; x_wconf 86' lang='lat' dir='ltr'>disposita</span> <span class='ocrx_word' id='word_1_209' title='bbox 570 2691 594 2736; x_wconf 91' lang='grc' dir='ltr'>ει</span> <span class='ocrx_word' id='word_1_210' title='bbox 606 2681 693 2750; x_wconf 84' lang='lat' dir='ltr'>amplo</span> <span class='ocrx_word' id='word_1_211' title='bbox 705 2688 732 2735; x_wconf 90' lang='lat' dir='ltr'>ct</span> <span class='ocrx_word' id='word_1_212' title='bbox 745 2679 843 2755; x_wconf 82' lang='lat' dir='ltr'>lueida,</span> <span class='ocrx_word' id='word_1_213' title='bbox 853 2687 880 2732; x_wconf 90' lang='grc' dir='ltr'>ει</span> <span class='ocrx_word' id='word_1_214' title='bbox 890 2678 959 2732; x_wconf 87' lang='lat' dir='ltr'>bona</span> 
     </span>
     <span class='ocr_line' id='line_1_28' title="bbox 167 2768 959 2845; baseline -0.004 -21"><span class='ocrx_word' id='word_1_215' title='bbox 167 2771 292 2845; x_wconf 84' lang='lat' dir='ltr'>animalia</span> <span class='ocrx_word' id='word_1_216' title='bbox 311 2771 428 2825; x_wconf 84' lang='lat' dir='ltr'>animata</span> <span class='ocrx_word' id='word_1_217' title='bbox 440 2786 552 2840; x_wconf 86' lang='lat' dir='ltr'>corpora</span> <span class='ocrx_word' id='word_1_218' title='bbox 564 2814 570 2836; x_wconf 92' lang='lat'>‚</span> <span class='ocrx_word' id='word_1_219' title='bbox 583 2780 610 2826; x_wconf 95' lang='grc' dir='ltr'>ει</span> <span class='ocrx_word' id='word_1_220' title='bbox 623 2770 708 2825; x_wconf 90' lang='lat' dir='ltr'>bonus</span> <span class='ocrx_word' id='word_1_221' title='bbox 720 2784 767 2823; x_wconf 89' lang='lat' dir='ltr'>acr</span> <span class='ocrx_word' id='word_1_222' title='bbox 782 2768 918 2823; x_wconf 86' lang='lat' dir='ltr'>rrtodestus</span> <span class='ocrx_word' id='word_1_223' title='bbox 932 2775 959 2821; x_wconf 94' lang='lat' dir='ltr'>ct</span> 
     </span>
     <span class='ocr_line' id='line_1_29' title="bbox 167 2861 957 2935; baseline -0.005 -17"><span class='ocrx_word' id='word_1_224' title='bbox 167 2863 292 2934; x_wconf 83' lang='lat' dir='ltr'>salubris,</span> <span class='ocrx_word' id='word_1_225' title='bbox 303 2864 425 2935; x_wconf 82' lang='lat' dir='ltr'>elbonus</span> <span class='ocrx_word' id='word_1_226' title='bbox 436 2864 511 2919; x_wconf 83' lang='lat' dir='ltr'>cibus</span> <span class='ocrx_word' id='word_1_227' title='bbox 523 2864 612 2918; x_wconf 79' lang='lat' dir='ltr'>suauis</span> <span class='ocrx_word' id='word_1_228' title='bbox 622 2873 701 2934; x_wconf 83' lang='lat' dir='ltr'>atque</span> <span class='ocrx_word' id='word_1_229' title='bbox 712 2875 789 2932; x_wconf 88' lang='lat' dir='ltr'>aptus</span> <span class='ocrx_word' id='word_1_230' title='bbox 803 2861 957 2927; x_wconf 77' lang='lat' dir='ltr'>ualetudini,</span> 
     </span>
     <span class='ocr_line' id='line_1_30' title="bbox 167 2950 959 3021; baseline 0 -17"><span class='ocrx_word' id='word_1_231' title='bbox 167 2962 194 3006; x_wconf 89' lang='lat' dir='ltr'>et</span> <span class='ocrx_word' id='word_1_232' title='bbox 207 2952 274 3007; x_wconf 89' lang='lat' dir='ltr'>bona</span> <span class='ocrx_word' id='word_1_233' title='bbox 288 2952 476 3009; x_wconf 84' lang='lat' dir='ltr'>valetudosinc</span> <span class='ocrx_word' id='word_1_234' title='bbox 488 2952 659 3021; x_wconf 85' lang='lat' dir='ltr'>doloribuset</span> <span class='ocrx_word' id='word_1_235' title='bbox 670 2951 837 3016; x_wconf 83' lang='lat' dir='ltr'>lassitudine,</span> <span class='ocrx_word' id='word_1_236' title='bbox 852 2959 879 3006; x_wconf 91' lang='grc' dir='ltr'>ει</span> <span class='ocrx_word' id='word_1_237' title='bbox 890 2950 959 3004; x_wconf 82' lang='lat' dir='ltr'>botru</span> 
     </span>
     <span class='ocr_line' id='line_1_31' title="bbox 167 3040 960 3119; baseline -0.005 -21"><span class='ocrx_word' id='word_1_238' title='bbox 167 3044 250 3100; x_wconf 83' lang='lat' dir='ltr'>iacies</span> <span class='ocrx_word' id='word_1_239' title='bbox 264 3043 380 3099; x_wconf 88' lang='lat' dir='ltr'>lrorniuis</span> <span class='ocrx_word' id='word_1_240' title='bbox 393 3044 514 3119; x_wconf 74' lang='lat' dir='ltr'>diunensi</span> <span class='ocrx_word' id='word_1_241' title='bbox 529 3043 647 3115; x_wconf 86' lang='lat' dir='ltr'>pur-iliter</span> <span class='ocrx_word' id='word_1_242' title='bbox 659 3053 685 3097; x_wconf 92' lang='grc' dir='ltr'>ει</span> <span class='ocrx_word' id='word_1_243' title='bbox 699 3040 792 3096; x_wconf 84' lang='lat' dir='ltr'>alicctn</span> <span class='ocrx_word' id='word_1_244' title='bbox 806 3041 924 3095; x_wconf 82' lang='lat' dir='ltr'>ltilaritcr</span> <span class='ocrx_word' id='word_1_245' title='bbox 933 3048 960 3096; x_wconf 92' lang='lat' dir='ltr'>ct</span> 
     </span>
     <span class='ocr_line' id='line_1_32' title="bbox 167 3130 958 3200; baseline -0.005 -11"><span class='ocrx_word' id='word_1_246' title='bbox 167 3136 315 3191; x_wconf 88' lang='lat' dir='ltr'>luculenter</span> <span class='ocrx_word' id='word_1_247' title='bbox 328 3136 462 3200; x_wconf 86' lang='lat' dir='ltr'>colorato,</span> <span class='ocrx_word' id='word_1_248' title='bbox 486 3143 511 3188; x_wconf 91' lang='lat' dir='ltr'>ct</span> <span class='ocrx_word' id='word_1_249' title='bbox 533 3133 619 3187; x_wconf 65' lang='lat' dir='ltr'>betrus</span> <span class='ocrx_word' id='word_1_250' title='bbox 633 3132 738 3186; x_wconf 85' lang='lat' dir='ltr'>animus</span> <span class='ocrx_word' id='word_1_251' title='bbox 753 3130 830 3184; x_wconf 87' lang='lat' dir='ltr'>norici</span> <span class='ocrx_word' id='word_1_252' title='bbox 842 3144 958 3194; x_wconf 89' lang='lat' dir='ltr'>conscu-</span> 
     </span>
     <span class='ocr_line' id='line_1_33' title="bbox 167 3220 959 3290; baseline -0.004 -12"><span class='ocrx_word' id='word_1_253' title='bbox 167 3225 249 3279; x_wconf 87' lang='lat' dir='ltr'>sionis</span> <span class='ocrx_word' id='word_1_254' title='bbox 263 3224 403 3280; x_wconf 79' lang='lat' dir='ltr'>dulcedine</span> <span class='ocrx_word' id='word_1_255' title='bbox 413 3234 441 3279; x_wconf 93' lang='grc' dir='ltr'>ει</span> <span class='ocrx_word' id='word_1_256' title='bbox 451 3223 550 3278; x_wconf 80' lang='lat' dir='ltr'>artioris</span> <span class='ocrx_word' id='word_1_257' title='bbox 563 3223 624 3288; x_wconf 86' lang='lat' dir='ltr'>ilde,</span> <span class='ocrx_word' id='word_1_258' title='bbox 637 3230 665 3275; x_wconf 92' lang='lat' dir='ltr'>et</span> <span class='ocrx_word' id='word_1_259' title='bbox 677 3222 761 3276; x_wconf 86' lang='lat' dir='ltr'>botrus</span> <span class='ocrx_word' id='word_1_260' title='bbox 772 3222 812 3275; x_wconf 90' lang='lat' dir='ltr'>rir</span> <span class='ocrx_word' id='word_1_261' title='bbox 824 3220 920 3290; x_wconf 84' lang='lat' dir='ltr'>justus,</span> <span class='ocrx_word' id='word_1_262' title='bbox 931 3230 959 3275; x_wconf 90' lang='lat' dir='ltr'>ct</span> 
     </span>
     <span class='ocr_line' id='line_1_34' title="bbox 167 3312 957 3385; baseline -0.006 -15"><span class='ocrx_word' id='word_1_263' title='bbox 167 3315 243 3370; x_wconf 72' lang='lat' dir='ltr'>borrae</span> <span class='ocrx_word' id='word_1_264' title='bbox 257 3315 367 3381; x_wconf 76' lang='lat' dir='ltr'>divitiae,</span> <span class='ocrx_word' id='word_1_265' title='bbox 380 3317 441 3385; x_wconf 82' lang='lat' dir='ltr'>guia</span> <span class='ocrx_word' id='word_1_266' title='bbox 456 3314 531 3369; x_wconf 87' lang='lat' dir='ltr'>ineiie</span> <span class='ocrx_word' id='word_1_267' title='bbox 543 3313 697 3382; x_wconf 85' lang='lat' dir='ltr'>expediunt,</span> <span class='ocrx_word' id='word_1_268' title='bbox 711 3323 738 3367; x_wconf 90' lang='grc' dir='ltr'>ει</span> <span class='ocrx_word' id='word_1_269' title='bbox 751 3312 848 3367; x_wconf 91' lang='lat' dir='ltr'>bonum</span> <span class='ocrx_word' id='word_1_270' title='bbox 859 3313 957 3367; x_wconf 81' lang='lat' dir='ltr'>eoelum</span> 
     </span>
     <span class='ocr_line' id='line_1_35' title="bbox 167 3402 956 3472; baseline -0.006 -12"><span class='ocrx_word' id='word_1_271' title='bbox 167 3421 227 3460; x_wconf 89' lang='lat' dir='ltr'>cnm</span> <span class='ocrx_word' id='word_1_272' title='bbox 240 3405 297 3460; x_wconf 91' lang='lat' dir='ltr'>sole</span> <span class='ocrx_word' id='word_1_273' title='bbox 311 3414 338 3460; x_wconf 92' lang='lat' dir='ltr'>et</span> <span class='ocrx_word' id='word_1_274' title='bbox 352 3405 412 3459; x_wconf 84' lang='lat' dir='ltr'>luna</span> <span class='ocrx_word' id='word_1_275' title='bbox 426 3415 453 3460; x_wconf 91' lang='lat' dir='ltr'>ct</span> <span class='ocrx_word' id='word_1_276' title='bbox 466 3404 551 3458; x_wconf 88' lang='lat' dir='ltr'>stellis</span> <span class='ocrx_word' id='word_1_277' title='bbox 563 3405 629 3469; x_wconf 83' lang='lat' dir='ltr'>suis,</span> <span class='ocrx_word' id='word_1_278' title='bbox 643 3412 670 3457; x_wconf 91' lang='grc' dir='ltr'>ει</span> <span class='ocrx_word' id='word_1_279' title='bbox 685 3402 747 3456; x_wconf 90' lang='lat' dir='ltr'>boni</span> <span class='ocrx_word' id='word_1_280' title='bbox 761 3403 853 3472; x_wconf 80' lang='lat' dir='ltr'>Angcli</span> <span class='ocrx_word' id='word_1_281' title='bbox 865 3411 956 3457; x_wconf 80' lang='lat' dir='ltr'>sancta</span> 
     </span>
     <span class='ocr_line' id='line_1_36' title="bbox 167 3494 956 3565; baseline -0.005 -13"><span class='ocrx_word' id='word_1_282' title='bbox 167 3497 333 3565; x_wconf 84' lang='lat' dir='ltr'>obedientia,</span> <span class='ocrx_word' id='word_1_283' title='bbox 350 3506 378 3551; x_wconf 93' lang='grc' dir='ltr'>ει</span> <span class='ocrx_word' id='word_1_284' title='bbox 392 3498 459 3553; x_wconf 88' lang='lat' dir='ltr'>bono</span> <span class='ocrx_word' id='word_1_285' title='bbox 481 3495 579 3551; x_wconf 91' lang='lat' dir='ltr'>locutio</span> <span class='ocrx_word' id='word_1_286' title='bbox 600 3494 718 3549; x_wconf 78' lang='lat' dir='ltr'>sortiter</span> <span class='ocrx_word' id='word_1_287' title='bbox 732 3494 831 3549; x_wconf 90' lang='lat' dir='ltr'>docens</span> <span class='ocrx_word' id='word_1_288' title='bbox 845 3501 873 3550; x_wconf 91' lang='lat' dir='ltr'>et</span> <span class='ocrx_word' id='word_1_289' title='bbox 891 3509 956 3549; x_wconf 90' lang='lat' dir='ltr'>con-</span> 
     </span>
     <span class='ocr_line' id='line_1_37' title="bbox 165 3584 956 3664; baseline -0.003 -22"><span class='ocrx_word' id='word_1_290' title='bbox 165 3596 291 3658; x_wconf 89' lang='lat' dir='ltr'>gmenter</span> <span class='ocrx_word' id='word_1_291' title='bbox 302 3603 413 3664; x_wconf 87' lang='lat' dir='ltr'>monens</span> <span class='ocrx_word' id='word_1_292' title='bbox 423 3588 435 3621; x_wconf 82' lang='lat'>¹</span> <span class='ocrx_word' id='word_1_293' title='bbox 446 3585 597 3642; x_wconf 90' lang='lat' dir='ltr'>audientem</span> <span class='ocrx_word' id='word_1_294' title='bbox 609 3627 616 3647; x_wconf 86' lang='lat'>,</span> <span class='ocrx_word' id='word_1_295' title='bbox 630 3594 658 3640; x_wconf 91' lang='lat' dir='ltr'>et</span> <span class='ocrx_word' id='word_1_296' title='bbox 671 3584 769 3641; x_wconf 91' lang='lat' dir='ltr'>bonum</span> <span class='ocrx_word' id='word_1_297' title='bbox 785 3599 892 3641; x_wconf 84' lang='lat' dir='ltr'>carmen</span> <span class='ocrx_word' id='word_1_298' title='bbox 908 3600 956 3641; x_wconf 90' lang='lat' dir='ltr'>ea·</span> 
     </span>
     <span class='ocr_line' id='line_1_38' title="bbox 167 3668 957 3748; baseline -0.003 -14"><span class='ocrx_word' id='word_1_299' title='bbox 167 3668 263 3734; x_wconf 85' lang='lat' dir='ltr'>norom</span> <span class='ocrx_word' id='word_1_300' title='bbox 287 3679 403 3733; x_wconf 90' lang='lat' dir='ltr'>numeris</span> <span class='ocrx_word' id='word_1_301' title='bbox 424 3687 451 3733; x_wconf 88' lang='lat' dir='ltr'>ct</span> <span class='ocrx_word' id='word_1_302' title='bbox 474 3676 613 3733; x_wconf 84' lang='lat' dir='ltr'>sententiis</span> <span class='ocrx_word' id='word_1_303' title='bbox 634 3690 726 3748; x_wconf 82' lang='lat' dir='ltr'>grave.</span> <span class='ocrx_word' id='word_1_304' title='bbox 741 3674 809 3744; x_wconf 90' lang='lat' dir='ltr'>Quid</span> <span class='ocrx_word' id='word_1_305' title='bbox 833 3676 907 3747; x_wconf 84' lang='lat' dir='ltr'>plura</span> <span class='ocrx_word' id='word_1_306' title='bbox 930 3685 957 3732; x_wconf 93' lang='lat' dir='ltr'>ct</span> 
     </span>
     <span class='ocr_line' id='line_1_39' title="bbox 167 3754 951 3838; baseline 0 -15"><span class='ocrx_word' id='word_1_307' title='bbox 167 3754 258 3838; x_wconf 81' lang='lat' dir='ltr'>plura?</span> <span class='ocrx_word' id='word_1_308' title='bbox 272 3769 373 3824; x_wconf 86' lang='lat' dir='ltr'>Bonum</span> <span class='ocrx_word' id='word_1_309' title='bbox 385 3769 435 3824; x_wconf 89' lang='lat' dir='ltr'>iroe</span> <span class='ocrx_word' id='word_1_310' title='bbox 450 3777 476 3824; x_wconf 89' lang='grc' dir='ltr'>ει</span> <span class='ocrx_word' id='word_1_311' title='bbox 489 3769 587 3825; x_wconf 85' lang='lat' dir='ltr'>boumn</span> <span class='ocrx_word' id='word_1_312' title='bbox 601 3766 684 3822; x_wconf 89' lang='lat' dir='ltr'>illud:</span> <span class='ocrx_word' id='word_1_313' title='bbox 701 3766 827 3824; x_wconf 60' lang='lat' dir='ltr'>tolle&#39;lroc</span> <span class='ocrx_word' id='word_1_314' title='bbox 837 3776 864 3824; x_wconf 88' lang='grc' dir='ltr'>ει</span> <span class='ocrx_word' id='word_1_315' title='bbox 877 3767 951 3834; x_wconf 88' lang='lat' dir='ltr'>iilud,</span> 
     </span>
     <span class='ocr_line' id='line_1_40' title="bbox 165 3857 957 3937; baseline 0.001 -23"><span class='ocrx_word' id='word_1_316' title='bbox 165 3869 193 3914; x_wconf 93' lang='grc' dir='ltr'>ει</span> <span class='ocrx_word' id='word_1_317' title='bbox 205 3860 265 3915; x_wconf 87' lang='lat' dir='ltr'>ride</span> <span class='ocrx_word' id='word_1_318' title='bbox 274 3862 360 3931; x_wconf 90' lang='lat' dir='ltr'>ipsum</span> <span class='ocrx_word' id='word_1_319' title='bbox 372 3862 482 3922; x_wconf 88' lang='lat' dir='ltr'>bouum,</span> <span class='ocrx_word' id='word_1_320' title='bbox 494 3859 516 3915; x_wconf 90' lang='lat' dir='ltr'>si</span> <span class='ocrx_word' id='word_1_321' title='bbox 529 3865 622 3930; x_wconf 86' lang='lat' dir='ltr'>potes;</span> <span class='ocrx_word' id='word_1_322' title='bbox 638 3858 673 3913; x_wconf 91' lang='lat' dir='ltr'>ita</span> <span class='ocrx_word' id='word_1_323' title='bbox 686 3858 769 3913; x_wconf 81' lang='lat' dir='ltr'>berem</span> <span class='ocrx_word' id='word_1_324' title='bbox 778 3857 891 3923; x_wconf 85' lang='lat' dir='ltr'>ridebis,</span> <span class='ocrx_word' id='word_1_325' title='bbox 904 3873 957 3937; x_wconf 85' lang='lat' dir='ltr'>non¹</span> 
     </span>
     <span class='ocr_line' id='line_1_41' title="bbox 165 3946 957 4020; baseline -0.004 -15"><span class='ocrx_word' id='word_1_326' title='bbox 165 3949 219 4005; x_wconf 90' lang='lat' dir='ltr'>alio</span> <span class='ocrx_word' id='word_1_327' title='bbox 229 3951 299 4006; x_wconf 94' lang='lat' dir='ltr'>bono</span> <span class='ocrx_word' id='word_1_328' title='bbox 313 3950 421 4017; x_wconf 88' lang='lat' dir='ltr'>bunum,</span> <span class='ocrx_word' id='word_1_329' title='bbox 433 3950 480 4005; x_wconf 88' lang='lat' dir='ltr'>sed</span> <span class='ocrx_word' id='word_1_330' title='bbox 491 3948 590 4004; x_wconf 91' lang='lat' dir='ltr'>bonurn</span> <span class='ocrx_word' id='word_1_331' title='bbox 600 3947 688 4003; x_wconf 86' lang='lat' dir='ltr'>omnis</span> <span class='ocrx_word' id='word_1_332' title='bbox 699 3946 772 4005; x_wconf 91' lang='lat' dir='ltr'>boni.</span> <span class='ocrx_word' id='word_1_333' title='bbox 784 3948 876 4020; x_wconf 79' lang='lat' dir='ltr'>Neque</span> <span class='ocrx_word' id='word_1_334' title='bbox 885 3949 957 4005; x_wconf 91' lang='lat' dir='ltr'>enim</span> 
     </span>
     <span class='ocr_line' id='line_1_42' title="bbox 166 4038 957 4109; baseline 0.001 -16"><span class='ocrx_word' id='word_1_335' title='bbox 166 4041 192 4094; x_wconf 89' lang='lat' dir='ltr'>in</span> <span class='ocrx_word' id='word_1_336' title='bbox 215 4038 257 4097; x_wconf 89' lang='lat' dir='ltr'>bis</span> <span class='ocrx_word' id='word_1_337' title='bbox 277 4041 402 4096; x_wconf 90' lang='lat' dir='ltr'>omnibus</span> <span class='ocrx_word' id='word_1_338' title='bbox 423 4040 518 4107; x_wconf 89' lang='lat' dir='ltr'>bonis,</span> <span class='ocrx_word' id='word_1_339' title='bbox 534 4040 575 4096; x_wconf 85' lang='lat' dir='ltr'>rel</span> <span class='ocrx_word' id='word_1_340' title='bbox 596 4055 655 4109; x_wconf 75' lang='lat' dir='ltr'>quae</span> <span class='ocrx_word' id='word_1_341' title='bbox 674 4039 899 4106; x_wconf 88' lang='lat' dir='ltr'>commemorari,</span> <span class='ocrx_word' id='word_1_342' title='bbox 915 4039 957 4095; x_wconf 87' lang='lat' dir='ltr'>rei</span> 
     </span>
     <span class='ocr_line' id='line_1_43' title="bbox 166 4128 958 4202; baseline -0.005 -15"><span class='ocrx_word' id='word_1_343' title='bbox 166 4147 226 4202; x_wconf 77' lang='lat' dir='ltr'>qun</span> <span class='ocrx_word' id='word_1_344' title='bbox 239 4133 290 4187; x_wconf 80' lang='lat' dir='ltr'>alia</span> <span class='ocrx_word' id='word_1_345' title='bbox 309 4145 454 4190; x_wconf 85' lang='lat' dir='ltr'>cernuntur</span> <span class='ocrx_word' id='word_1_346' title='bbox 474 4133 531 4188; x_wconf 86' lang='lat' dir='ltr'>sire</span> <span class='ocrx_word' id='word_1_347' title='bbox 546 4131 706 4202; x_wconf 70' lang='lat' dir='ltr'>cogitamur,</span> <span class='ocrx_word' id='word_1_348' title='bbox 722 4130 872 4185; x_wconf 88' lang='lat' dir='ltr'>diceremus</span> <span class='ocrx_word' id='word_1_349' title='bbox 885 4128 958 4183; x_wconf 85' lang='lat' dir='ltr'>aliud</span> 
     </span>
     <span class='ocr_line' id='line_1_44' title="bbox 165 4219 957 4293; baseline -0.006 -16"><span class='ocrx_word' id='word_1_350' title='bbox 165 4223 219 4278; x_wconf 89' lang='lat' dir='ltr'>alio</span> <span class='ocrx_word' id='word_1_351' title='bbox 232 4225 328 4279; x_wconf 87' lang='lat' dir='ltr'>melius</span> <span class='ocrx_word' id='word_1_352' title='bbox 341 4239 401 4279; x_wconf 91' lang='lat' dir='ltr'>cum</span> <span class='ocrx_word' id='word_1_353' title='bbox 416 4238 479 4279; x_wconf 89' lang='lat' dir='ltr'>vere</span> <span class='ocrx_word' id='word_1_354' title='bbox 489 4222 652 4293; x_wconf 84' lang='lat' dir='ltr'>judicamus,</span> <span class='ocrx_word' id='word_1_355' title='bbox 666 4221 718 4276; x_wconf 91' lang='lat' dir='ltr'>nisi</span> <span class='ocrx_word' id='word_1_356' title='bbox 732 4227 805 4277; x_wconf 86' lang='lat' dir='ltr'>esset</span> <span class='ocrx_word' id='word_1_357' title='bbox 816 4219 893 4275; x_wconf 90' lang='lat' dir='ltr'>nobis</span> <span class='ocrx_word' id='word_1_358' title='bbox 907 4219 957 4273; x_wconf 89' lang='lat' dir='ltr'>im-</span> 
     </span>
     <span class='ocr_line' id='line_1_45' title="bbox 165 4310 959 4387; baseline 0 -20"><span class='ocrx_word' id='word_1_359' title='bbox 165 4327 257 4382; x_wconf 78' lang='lat' dir='ltr'>pressa</span> <span class='ocrx_word' id='word_1_360' title='bbox 272 4314 345 4368; x_wconf 91' lang='lat' dir='ltr'>notio</span> <span class='ocrx_word' id='word_1_361' title='bbox 359 4314 441 4387; x_wconf 85' lang='lat' dir='ltr'>ipsius</span> <span class='ocrx_word' id='word_1_362' title='bbox 456 4311 529 4377; x_wconf 90' lang='lat' dir='ltr'>boni,</span> <span class='ocrx_word' id='word_1_363' title='bbox 545 4311 693 4367; x_wconf 88' lang='lat' dir='ltr'>secundum</span> <span class='ocrx_word' id='word_1_364' title='bbox 708 4310 779 4385; x_wconf 80' lang='lat' dir='ltr'>quod</span> <span class='ocrx_word' id='word_1_365' title='bbox 790 4319 817 4367; x_wconf 95' lang='grc' dir='ltr'>ει</span> <span class='ocrx_word' id='word_1_366' title='bbox 831 4310 959 4381; x_wconf 86' lang='lat' dir='ltr'>probare·</span> 
     </span>
     <span class='ocr_line' id='line_1_46' title="bbox 167 4400 957 4477; baseline 0 -19"><span class='ocrx_word' id='word_1_367' title='bbox 167 4414 227 4460; x_wconf 86' lang='lat' dir='ltr'>mus</span> <span class='ocrx_word' id='word_1_368' title='bbox 239 4402 348 4475; x_wconf 87' lang='lat' dir='ltr'>aliquid,</span> <span class='ocrx_word' id='word_1_369' title='bbox 360 4411 387 4458; x_wconf 91' lang='grc' dir='ltr'>ει</span> <span class='ocrx_word' id='word_1_370' title='bbox 396 4402 467 4457; x_wconf 88' lang='lat' dir='ltr'>aliud</span> <span class='ocrx_word' id='word_1_371' title='bbox 478 4402 522 4456; x_wconf 90' lang='lat' dir='ltr'>alii</span> <span class='ocrx_word' id='word_1_372' title='bbox 535 4415 760 4471; x_wconf 69' lang='lat' dir='ltr'>proponeremus.</span> <span class='ocrx_word' id='word_1_373' title='bbox 770 4400 815 4456; x_wconf 87' lang='lat' dir='ltr'>Sic</span> <span class='ocrx_word' id='word_1_374' title='bbox 827 4400 957 4477; x_wconf 86' lang='lat' dir='ltr'>amandus</span> 
     </span>
     <span class='ocr_line' id='line_1_47' title="bbox 165 4492 955 4563; baseline -0.011 -8"><span class='ocrx_word' id='word_1_375' title='bbox 165 4508 207 4555; x_wconf 89' lang='lat' dir='ltr'>est</span> <span class='ocrx_word' id='word_1_376' title='bbox 220 4498 300 4561; x_wconf 85' lang='lat' dir='ltr'>Deus,</span> <span class='ocrx_word' id='word_1_377' title='bbox 314 4510 367 4551; x_wconf 92' lang='lat' dir='ltr'>non</span> <span class='ocrx_word' id='word_1_378' title='bbox 380 4496 431 4550; x_wconf 83' lang='grc' dir='ltr'>Ιιεε</span> <span class='ocrx_word' id='word_1_379' title='bbox 442 4504 469 4549; x_wconf 92' lang='grc' dir='ltr'>ει</span> <span class='ocrx_word' id='word_1_380' title='bbox 482 4494 546 4549; x_wconf 88' lang='lat' dir='ltr'>illud</span> <span class='ocrx_word' id='word_1_381' title='bbox 559 4493 669 4558; x_wconf 90' lang='lat' dir='ltr'>bonunr,</span> <span class='ocrx_word' id='word_1_382' title='bbox 679 4492 731 4548; x_wconf 79' lang='lat' dir='ltr'>ced</span> <span class='ocrx_word' id='word_1_383' title='bbox 744 4492 831 4563; x_wconf 90' lang='lat' dir='ltr'>ipsum</span> <span class='ocrx_word' id='word_1_384' title='bbox 844 4493 955 4549; x_wconf 90' lang='lat' dir='ltr'>bonum.</span> 
     </span>
     <span class='ocr_line' id='line_1_48' title="bbox 166 4585 953 4661; baseline -0.006 -16"><span class='ocrx_word' id='word_1_385' title='bbox 166 4589 342 4661; x_wconf 79' lang='lat' dir='ltr'>errrrrcndum</span> <span class='ocrx_word' id='word_1_386' title='bbox 359 4589 429 4644; x_wconf 87' lang='lat' dir='ltr'>cuim</span> <span class='ocrx_word' id='word_1_387' title='bbox 444 4588 542 4642; x_wconf 76' lang='lat' dir='ltr'>bonrum</span> <span class='ocrx_word' id='word_1_388' title='bbox 558 4585 664 4649; x_wconf 75' lang='lat' dir='ltr'>cointe,</span> <span class='ocrx_word' id='word_1_389' title='bbox 683 4598 735 4640; x_wconf 94' lang='lat' dir='ltr'>uon</span> <span class='ocrx_word' id='word_1_390' title='bbox 748 4585 790 4640; x_wconf 92' lang='lat' dir='ltr'>cui</span> <span class='ocrx_word' id='word_1_391' title='bbox 806 4585 953 4654; x_wconf 77' lang='lat' dir='ltr'>supervoli-</span> 
     </span>
     <span class='ocr_line' id='line_1_49' title="bbox 166 4676 955 4754; baseline -0.008 -15"><span class='ocrx_word' id='word_1_392' title='bbox 166 4695 203 4739; x_wconf 89' lang='lat' dir='ltr'>tet</span> <span class='ocrx_word' id='word_1_393' title='bbox 214 4682 368 4754; x_wconf 77' lang='lat' dir='ltr'>indicendo,</span> <span class='ocrx_word' id='word_1_394' title='bbox 382 4680 429 4736; x_wconf 90' lang='lat' dir='ltr'>sed</span> <span class='ocrx_word' id='word_1_395' title='bbox 443 4680 484 4735; x_wconf 92' lang='lat' dir='ltr'>eui</span> <span class='ocrx_word' id='word_1_396' title='bbox 500 4679 601 4734; x_wconf 75' lang='lat' dir='ltr'>hereat</span> <span class='ocrx_word' id='word_1_397' title='bbox 614 4677 728 4732; x_wconf 87' lang='lat' dir='ltr'>ornando</span> <span class='ocrx_word' id='word_1_398' title='bbox 742 4696 748 4732; x_wconf 78' lang='lat' dir='ltr'><strong><em>z</em></strong></span> <span class='ocrx_word' id='word_1_399' title='bbox 765 4687 793 4734; x_wconf 93' lang='grc' dir='ltr'>ει</span> <span class='ocrx_word' id='word_1_400' title='bbox 806 4676 869 4748; x_wconf 84' lang='lat' dir='ltr'>quid</span> <span class='ocrx_word' id='word_1_401' title='bbox 885 4676 955 4743; x_wconf 90' lang='lat' dir='ltr'>hoc,</span> 
     </span>
     <span class='ocr_line' id='line_1_50' title="bbox 165 4768 956 4840; baseline -0.006 -11"><span class='ocrx_word' id='word_1_402' title='bbox 165 4775 216 4831; x_wconf 89' lang='lat' dir='ltr'>uisi</span> <span class='ocrx_word' id='word_1_403' title='bbox 228 4774 313 4830; x_wconf 81' lang='lat' dir='ltr'>licus?</span> <span class='ocrx_word' id='word_1_404' title='bbox 322 4772 379 4828; x_wconf 85' lang='lat' dir='ltr'>Nun</span> <span class='ocrx_word' id='word_1_405' title='bbox 394 4771 479 4826; x_wconf 87' lang='lat' dir='ltr'>bonus</span> <span class='ocrx_word' id='word_1_406' title='bbox 492 4769 607 4835; x_wconf 82' lang='lat' dir='ltr'>artimus,</span> <span class='ocrx_word' id='word_1_407' title='bbox 618 4776 663 4822; x_wconf 89' lang='grc' dir='ltr'>εει</span> <span class='ocrx_word' id='word_1_408' title='bbox 677 4768 761 4823; x_wconf 84' lang='grc' dir='ltr'>ιιοεεε</span> <span class='ocrx_word' id='word_1_409' title='bbox 773 4769 894 4840; x_wconf 86' lang='lat' dir='ltr'>angelus,</span> <span class='ocrx_word' id='word_1_410' title='bbox 909 4776 956 4825; x_wconf 90' lang='lat' dir='ltr'>aot</span> 
     </span>
     <span class='ocr_line' id='line_1_51' title="bbox 165 4858 956 4927; baseline -0.009 -5"><span class='ocrx_word' id='word_1_411' title='bbox 165 4867 264 4922; x_wconf 91' lang='lat' dir='ltr'>bonurn</span> <span class='ocrx_word' id='word_1_412' title='bbox 278 4866 390 4927; x_wconf 78' lang='lat' dir='ltr'>eoelum:</span> <span class='ocrx_word' id='word_1_413' title='bbox 403 4862 451 4918; x_wconf 84' lang='lat' dir='ltr'>sed</span> <span class='ocrx_word' id='word_1_414' title='bbox 466 4863 564 4918; x_wconf 91' lang='lat' dir='ltr'>bonum</span> <span class='ocrx_word' id='word_1_415' title='bbox 576 4860 685 4915; x_wconf 87' lang='lat' dir='ltr'>bonurn.</span> <span class='ocrx_word' id='word_1_416' title='bbox 697 4858 742 4915; x_wconf 74' lang='lat' dir='ltr'>Sic</span> <span class='ocrx_word' id='word_1_417' title='bbox 752 4861 823 4915; x_wconf 91' lang='lat' dir='ltr'>enim</span> <span class='ocrx_word' id='word_1_418' title='bbox 835 4859 904 4916; x_wconf 80' lang='lat' dir='ltr'>sorte</span> <span class='ocrx_word' id='word_1_419' title='bbox 916 4859 956 4915; x_wconf 86' lang='lat' dir='ltr'>ia-</span> 
     </span>
     <span class='ocr_line' id='line_1_52' title="bbox 165 4949 954 5025; baseline -0.009 -12"><span class='ocrx_word' id='word_1_420' title='bbox 165 4960 243 5014; x_wconf 88' lang='lat' dir='ltr'>cilius</span> <span class='ocrx_word' id='word_1_421' title='bbox 258 4957 407 5014; x_wconf 77' lang='lat' dir='ltr'>advertitur</span> <span class='ocrx_word' id='word_1_422' title='bbox 418 4954 481 5025; x_wconf 79' lang='lat' dir='ltr'>utrid</span> <span class='ocrx_word' id='word_1_423' title='bbox 495 4952 575 5008; x_wconf 84' lang='lat' dir='ltr'>uelim</span> <span class='ocrx_word' id='word_1_424' title='bbox 590 4951 690 5007; x_wconf 86' lang='lat' dir='ltr'>dicere.</span> <span class='ocrx_word' id='word_1_425' title='bbox 701 4949 767 5005; x_wconf 83' lang='lat' dir='ltr'>Cum</span> <span class='ocrx_word' id='word_1_426' title='bbox 783 4950 853 5005; x_wconf 89' lang='lat' dir='ltr'>enim</span> <span class='ocrx_word' id='word_1_427' title='bbox 864 4950 954 5018; x_wconf 84' lang='lat' dir='ltr'>andiu,</span> 
     </span>
     <span class='ocr_line' id='line_1_53' title="bbox 166 5040 956 5121; baseline -0.003 -22"><span class='ocrx_word' id='word_1_428' title='bbox 166 5049 239 5103; x_wconf 87' lang='lat' dir='ltr'>verbi</span> <span class='ocrx_word' id='word_1_429' title='bbox 251 5049 336 5119; x_wconf 82' lang='lat' dir='ltr'>gralia</span> <span class='ocrx_word' id='word_1_430' title='bbox 347 5088 355 5113; x_wconf 95' lang='lat'>,</span> <span class='ocrx_word' id='word_1_431' title='bbox 368 5045 438 5121; x_wconf 84' lang='lat' dir='ltr'>rprod</span> <span class='ocrx_word' id='word_1_432' title='bbox 452 5043 550 5099; x_wconf 87' lang='lat' dir='ltr'>dieitur</span> <span class='ocrx_word' id='word_1_433' title='bbox 568 5042 674 5097; x_wconf 89' lang='lat' dir='ltr'>animus</span> <span class='ocrx_word' id='word_1_434' title='bbox 691 5040 793 5105; x_wconf 87' lang='lat' dir='ltr'>bonus,</span> <span class='ocrx_word' id='word_1_435' title='bbox 812 5040 881 5095; x_wconf 88' lang='lat' dir='ltr'>sicut</span> <span class='ocrx_word' id='word_1_436' title='bbox 902 5040 956 5097; x_wconf 92' lang='lat' dir='ltr'>duo</span> 
     </span>
     <span class='ocr_line' id='line_1_54' title="bbox 165 5131 953 5203; baseline -0.004 -13"><span class='ocrx_word' id='word_1_437' title='bbox 165 5138 245 5193; x_wconf 90' lang='lat' dir='ltr'>rerba</span> <span class='ocrx_word' id='word_1_438' title='bbox 262 5146 341 5203; x_wconf 88' lang='lat' dir='ltr'>sunt,</span> <span class='ocrx_word' id='word_1_439' title='bbox 357 5138 438 5192; x_wconf 82' lang='lat' dir='ltr'>itaer</span> <span class='ocrx_word' id='word_1_440' title='bbox 454 5136 493 5192; x_wconf 88' lang='lat' dir='ltr'>eis</span> <span class='ocrx_word' id='word_1_441' title='bbox 507 5133 597 5189; x_wconf 84' lang='lat' dir='ltr'>verbis</span> <span class='ocrx_word' id='word_1_442' title='bbox 610 5132 663 5188; x_wconf 93' lang='lat' dir='ltr'>duo</span> <span class='ocrx_word' id='word_1_443' title='bbox 678 5131 798 5203; x_wconf 82' lang='lat' dir='ltr'>quaedum</span> <span class='ocrx_word' id='word_1_444' title='bbox 815 5131 953 5203; x_wconf 74' lang='lat' dir='ltr'>intelligo:</span> 
     </span>
     <span class='ocr_line' id='line_1_55' title="bbox 165 5220 956 5298; baseline -0.009 -14"><span class='ocrx_word' id='word_1_445' title='bbox 165 5228 235 5284; x_wconf 85' lang='lat' dir='ltr'>aliud</span> <span class='ocrx_word' id='word_1_446' title='bbox 248 5242 301 5298; x_wconf 87' lang='lat' dir='ltr'>quc</span> <span class='ocrx_word' id='word_1_447' title='bbox 314 5228 419 5283; x_wconf 91' lang='lat' dir='ltr'>animus</span> <span class='ocrx_word' id='word_1_448' title='bbox 432 5236 483 5292; x_wconf 87' lang='lat' dir='ltr'>est,</span> <span class='ocrx_word' id='word_1_449' title='bbox 497 5224 568 5279; x_wconf 90' lang='lat' dir='ltr'>aliud</span> <span class='ocrx_word' id='word_1_450' title='bbox 583 5237 636 5294; x_wconf 81' lang='lat' dir='ltr'>quo</span> <span class='ocrx_word' id='word_1_451' title='bbox 651 5223 746 5278; x_wconf 91' lang='lat' dir='ltr'>bonus.</span> <span class='ocrx_word' id='word_1_452' title='bbox 761 5221 795 5275; x_wconf 82' lang='lat' dir='ltr'>lit</span> <span class='ocrx_word' id='word_1_453' title='bbox 808 5220 915 5292; x_wconf 79' lang='lat' dir='ltr'>quidem</span> <span class='ocrx_word' id='word_1_454' title='bbox 926 5229 956 5277; x_wconf 92' lang='lat' dir='ltr'>ut</span> 
     </span>
     <span class='ocr_line' id='line_1_56' title="bbox 164 5313 955 5389; baseline -0.006 -16"><span class='ocrx_word' id='word_1_455' title='bbox 164 5321 270 5374; x_wconf 86' lang='lat' dir='ltr'>animus</span> <span class='ocrx_word' id='word_1_456' title='bbox 285 5326 372 5385; x_wconf 88' lang='lat' dir='ltr'>esset,</span> <span class='ocrx_word' id='word_1_457' title='bbox 390 5334 442 5373; x_wconf 91' lang='lat' dir='ltr'>non</span> <span class='ocrx_word' id='word_1_458' title='bbox 456 5318 509 5389; x_wconf 88' lang='lat' dir='ltr'>egit</span> <span class='ocrx_word' id='word_1_459' title='bbox 530 5317 586 5386; x_wconf 90' lang='lat' dir='ltr'>ipse</span> <span class='ocrx_word' id='word_1_460' title='bbox 606 5314 729 5384; x_wconf 76' lang='lat' dir='ltr'>nliqnld3·</span> <span class='ocrx_word' id='word_1_461' title='bbox 741 5316 792 5367; x_wconf 88' lang='lat' dir='ltr'>non</span> <span class='ocrx_word' id='word_1_462' title='bbox 810 5313 880 5368; x_wconf 91' lang='lat' dir='ltr'>enirn</span> <span class='ocrx_word' id='word_1_463' title='bbox 898 5316 955 5382; x_wconf 72' lang='lat' dir='ltr'>lam</span> 
     </span>
     <span class='ocr_line' id='line_1_57' title="bbox 165 5403 951 5481; baseline -0.008 -15"><span class='ocrx_word' id='word_1_464' title='bbox 165 5404 219 5466; x_wconf 75' lang='lat' dir='ltr'>trent</span> <span class='ocrx_word' id='word_1_465' title='bbox 230 5409 299 5481; x_wconf 78' lang='lat' dir='ltr'>prrod</span> <span class='ocrx_word' id='word_1_466' title='bbox 311 5418 401 5479; x_wconf 87' lang='lat' dir='ltr'>ageret</span> <span class='ocrx_word' id='word_1_467' title='bbox 414 5419 443 5464; x_wconf 91' lang='lat' dir='ltr'>ut</span> <span class='ocrx_word' id='word_1_468' title='bbox 456 5419 546 5465; x_wconf 80' lang='lat' dir='ltr'>esset:</span> <span class='ocrx_word' id='word_1_469' title='bbox 560 5417 587 5462; x_wconf 90' lang='lat' dir='ltr'>ut</span> <span class='ocrx_word' id='word_1_470' title='bbox 598 5416 685 5462; x_wconf 86' lang='lat' dir='ltr'>autern</span> <span class='ocrx_word' id='word_1_471' title='bbox 696 5406 729 5459; x_wconf 88' lang='lat' dir='ltr'>sit</span> <span class='ocrx_word' id='word_1_472' title='bbox 743 5403 951 5469; x_wconf 87' lang='lat' dir='ltr'>bonusaninrus‚</span> 
     </span>
    </p>
   </div>
   <div class='ocr_carea' id='block_1_3' title="bbox 163 5558 954 5741">
    <p class='ocr_par' dir='ltr' id='par_1_4' title="bbox 163 5558 954 5741">
     <span class='ocr_line' id='line_1_58' title="bbox 196 5558 954 5622; baseline -0.003 -11"><span class='ocrx_word' id='word_1_473' title='bbox 196 5567 203 5597; x_wconf 86' lang='lat'><strong>¹</strong></span> <span class='ocrx_word' id='word_1_474' title='bbox 221 5563 288 5622; x_wconf 74' lang='lat' dir='ltr'>editi,</span> <span class='ocrx_word' id='word_1_475' title='bbox 302 5574 356 5611; x_wconf 85' lang='lat' dir='ltr'>curu</span> <span class='ocrx_word' id='word_1_476' title='bbox 367 5561 445 5613; x_wconf 84' lang='lat' dir='ltr'>cudit.</span> <span class='ocrx_word' id='word_1_477' title='bbox 458 5570 485 5613; x_wconf 87' lang='grc' dir='ltr'>ιιι</span> <span class='ocrx_word' id='word_1_478' title='bbox 495 5569 560 5621; x_wconf 81' lang='lat' dir='ltr'>tire..</span> <span class='ocrx_word' id='word_1_479' title='bbox 574 5575 628 5614; x_wconf 87' lang='lat' dir='ltr'>eum</span> <span class='ocrx_word' id='word_1_480' title='bbox 639 5559 717 5612; x_wconf 74' lang='lat' dir='ltr'>medis.</span> <span class='ocrx_word' id='word_1_481' title='bbox 730 5558 900 5611; x_wconf 75' lang='lat' dir='ltr'>normannensis</span> <span class='ocrx_word' id='word_1_482' title='bbox 914 5570 954 5609; x_wconf 89' lang='lat' dir='ltr'>oo-</span> 
     </span>
     <span class='ocr_line' id='line_1_59' title="bbox 163 5621 556 5684; baseline -0.01 -9"><span class='ocrx_word' id='word_1_483' title='bbox 163 5627 221 5684; x_wconf 79' lang='lat' dir='ltr'>der,</span> <span class='ocrx_word' id='word_1_484' title='bbox 233 5636 291 5673; x_wconf 74' lang='lat' dir='ltr'>rmu</span> <span class='ocrx_word' id='word_1_485' title='bbox 302 5622 365 5671; x_wconf 87' lang='lat' dir='ltr'>enirn</span> <span class='ocrx_word' id='word_1_486' title='bbox 376 5621 454 5682; x_wconf 78' lang='lat' dir='ltr'>mdis,</span> <span class='ocrx_word' id='word_1_487' title='bbox 467 5622 514 5677; x_wconf 81' lang='lat' dir='ltr'>ct&#39;e,</span> <span class='ocrx_word' id='word_1_488' title='bbox 553 5674 556 5679; x_wconf 64' lang='grc'>,</span> 
     </span>
     <span class='ocr_line' id='line_1_60' title="bbox 173 5686 489 5741; baseline -0.009 -5"><span class='ocrx_word' id='word_1_489' title='bbox 173 5694 178 5703; x_wconf 92' lang='grc'><strong>“</strong></span> <span class='ocrx_word' id='word_1_490' title='bbox 194 5691 204 5721; x_wconf 83' lang='lat'>⁸</span> <span class='ocrx_word' id='word_1_491' title='bbox 220 5686 302 5736; x_wconf 79' lang='lat' dir='ltr'>t’ltrres</span> <span class='ocrx_word' id='word_1_492' title='bbox 315 5691 376 5741; x_wconf 64' lang='lat' dir='ltr'>ltus,</span> <span class='ocrx_word' id='word_1_493' title='bbox 389 5696 489 5733; x_wconf 82' lang='lat' dir='ltr'>rnoturn.</span> 
     </span>
    </p>
   </div>
   <div class='ocr_carea' id='block_1_4' title="bbox 834 285 1119 346">
    <p class='ocr_par' dir='ltr' id='par_1_5' title="bbox 834 285 1119 346">
     <span class='ocr_line' id='line_1_61' title="bbox 834 285 1119 346; baseline -0.004 -1"><span class='ocrx_word' id='word_1_494' title='bbox 834 286 935 345; x_wconf 79' lang='lat' dir='ltr'>ttuctt</span> <span class='ocrx_word' id='word_1_495' title='bbox 953 285 1119 346; x_wconf 74' lang='lat' dir='ltr'>celsius,</span> 
     </span>
    </p>
   </div>
   <div class='ocr_carea' id='block_1_5' title="bbox 1743 302 1795 362">
    <p class='ocr_par' dir='ltr' id='par_1_6' title="bbox 1743 302 1795 362">
     <span class='ocr_line' id='line_1_62' title="bbox 1743 302 1795 362; baseline 0.058 -3"><span class='ocrx_word' id='word_1_496' title='bbox 1743 302 1795 362; x_wconf 71' lang='grc'>950</span> 
     </span>
    </p>
   </div>
   <div class='ocr_carea' id='block_1_6' title="bbox 1004 403 1885 4845">
    <p class='ocr_par' dir='ltr' id='par_1_7' title="bbox 1005 403 1788 486">
     <span class='ocr_line' id='line_1_63' title="bbox 1005 403 1788 486; baseline 0.019 -30"><span class='ocrx_word' id='word_1_497' title='bbox 1005 403 1082 458; x_wconf 89' lang='lat' dir='ltr'>rideo</span> <span class='ocrx_word' id='word_1_498' title='bbox 1094 404 1223 474; x_wconf 88' lang='lat' dir='ltr'>agendum</span> <span class='ocrx_word' id='word_1_499' title='bbox 1237 422 1297 464; x_wconf 90' lang='lat' dir='ltr'>esse</span> <span class='ocrx_word' id='word_1_500' title='bbox 1306 408 1459 476; x_wconf 83' lang='lat' dir='ltr'>voluntatc;</span> <span class='ocrx_word' id='word_1_501' title='bbox 1474 426 1525 466; x_wconf 95' lang='lat' dir='ltr'>non</span> <span class='ocrx_word' id='word_1_502' title='bbox 1539 414 1600 482; x_wconf 79' lang='lat' dir='ltr'>quia</span> <span class='ocrx_word' id='word_1_503' title='bbox 1612 415 1788 486; x_wconf 87' lang='lat' dir='ltr'>idipsumque</span> 
     </span>
    </p>

    <p class='ocr_par' dir='ltr' id='par_1_8' title="bbox 1005 498 1790 574">
     <span class='ocr_line' id='line_1_64' title="bbox 1005 498 1790 574; baseline 0.018 -27"><span class='ocrx_word' id='word_1_504' title='bbox 1005 498 1108 549; x_wconf 88' lang='lat' dir='ltr'>animus</span> <span class='ocrx_word' id='word_1_505' title='bbox 1121 505 1171 558; x_wconf 87' lang='lat' dir='ltr'>est.</span> <span class='ocrx_word' id='word_1_506' title='bbox 1188 508 1294 554; x_wconf 89' lang='lat' dir='ltr'>nonest</span> <span class='ocrx_word' id='word_1_507' title='bbox 1309 500 1407 569; x_wconf 79' lang='lat' dir='ltr'>aliquid</span> <span class='ocrx_word' id='word_1_508' title='bbox 1422 502 1499 567; x_wconf 86' lang='lat' dir='ltr'>borri;</span> <span class='ocrx_word' id='word_1_509' title='bbox 1513 518 1574 558; x_wconf 90' lang='lat' dir='ltr'>narn</span> <span class='ocrx_word' id='word_1_510' title='bbox 1588 505 1657 559; x_wconf 85' lang='lat' dir='ltr'>unde</span> <span class='ocrx_word' id='word_1_511' title='bbox 1677 505 1729 574; x_wconf 80' lang='lat' dir='ltr'>iam</span> <span class='ocrx_word' id='word_1_512' title='bbox 1748 507 1790 561; x_wconf 92' lang='lat' dir='ltr'>dl·</span> 
     </span>
    </p>

    <p class='ocr_par' dir='ltr' id='par_1_9' title="bbox 1005 586 1790 663">
     <span class='ocr_line' id='line_1_65' title="bbox 1005 586 1790 663; baseline 0.015 -25"><span class='ocrx_word' id='word_1_513' title='bbox 1005 586 1083 649; x_wconf 91' lang='lat' dir='ltr'>citur,</span> <span class='ocrx_word' id='word_1_514' title='bbox 1098 597 1123 639; x_wconf 90' lang='lat' dir='ltr'>et</span> <span class='ocrx_word' id='word_1_515' title='bbox 1138 588 1275 643; x_wconf 74' lang='lat' dir='ltr'>verissime.</span> <span class='ocrx_word' id='word_1_516' title='bbox 1288 589 1385 645; x_wconf 86' lang='lat' dir='ltr'>dieitur</span> <span class='ocrx_word' id='word_1_517' title='bbox 1401 607 1513 662; x_wconf 91' lang='lat' dir='ltr'>corpore</span> <span class='ocrx_word' id='word_1_518' title='bbox 1533 593 1643 649; x_wconf 82' lang='lat' dir='ltr'>melior?</span> <span class='ocrx_word' id='word_1_519' title='bbox 1662 594 1709 650; x_wconf 88' lang='lat' dir='ltr'>sed</span> <span class='ocrx_word' id='word_1_520' title='bbox 1719 594 1790 663; x_wconf 89' lang='lat' dir='ltr'>ideo,</span> 
     </span>
    </p>

    <p class='ocr_par' dir='ltr' id='par_1_10' title="bbox 1005 677 1793 753">
     <span class='ocr_line' id='line_1_66' title="bbox 1005 677 1793 753; baseline 0.011 -22"><span class='ocrx_word' id='word_1_521' title='bbox 1005 677 1122 732; x_wconf 87' lang='lat' dir='ltr'>noudum</span> <span class='ocrx_word' id='word_1_522' title='bbox 1134 679 1230 734; x_wconf 91' lang='lat' dir='ltr'>dicitur</span> <span class='ocrx_word' id='word_1_523' title='bbox 1239 681 1325 736; x_wconf 83' lang='lat' dir='ltr'>botrus</span> <span class='ocrx_word' id='word_1_524' title='bbox 1335 683 1449 749; x_wconf 88' lang='lat' dir='ltr'>animos,</span> <span class='ocrx_word' id='word_1_525' title='bbox 1461 685 1585 753; x_wconf 79' lang='lat' dir='ltr'>quoniam</span> <span class='ocrx_word' id='word_1_526' title='bbox 1596 692 1678 740; x_wconf 85' lang='lat' dir='ltr'>restat</span> <span class='ocrx_word' id='word_1_527' title='bbox 1688 686 1711 740; x_wconf 93' lang='lat' dir='ltr'>ci</span> <span class='ocrx_word' id='word_1_528' title='bbox 1723 686 1793 740; x_wconf 86' lang='lat' dir='ltr'>aetio</span> 
     </span>
    </p>

    <p class='ocr_par' dir='ltr' id='par_1_11' title="bbox 1007 767 1791 844">
     <span class='ocr_line' id='line_1_67' title="bbox 1007 767 1791 844; baseline 0.014 -25"><span class='ocrx_word' id='word_1_529' title='bbox 1007 767 1166 835; x_wconf 89' lang='lat' dir='ltr'>rolturtatis,</span> <span class='ocrx_word' id='word_1_530' title='bbox 1187 785 1238 837; x_wconf 76' lang='lat' dir='ltr'>uua</span> <span class='ocrx_word' id='word_1_531' title='bbox 1252 771 1287 825; x_wconf 90' lang='lat' dir='ltr'>sit</span> <span class='ocrx_word' id='word_1_532' title='bbox 1301 773 1484 841; x_wconf 75' lang='lat' dir='ltr'>prusiarrtior3</span> <span class='ocrx_word' id='word_1_533' title='bbox 1498 789 1575 844; x_wconf 84' lang='lat' dir='ltr'>quam</span> <span class='ocrx_word' id='word_1_534' title='bbox 1589 775 1612 829; x_wconf 88' lang='lat' dir='ltr'>si</span> <span class='ocrx_word' id='word_1_535' title='bbox 1626 774 1791 844; x_wconf 82' lang='lat' dir='ltr'>neglexerit,</span> 
     </span>
    </p>

    <p class='ocr_par' dir='ltr' id='par_1_12' title="bbox 1004 859 1791 930">
     <span class='ocr_line' id='line_1_68' title="bbox 1004 859 1791 930; baseline 0.013 -21"><span class='ocrx_word' id='word_1_536' title='bbox 1004 859 1064 927; x_wconf 86' lang='lat' dir='ltr'>jure</span> <span class='ocrx_word' id='word_1_537' title='bbox 1078 859 1208 928; x_wconf 78' lang='lat' dir='ltr'>culpatur,</span> <span class='ocrx_word' id='word_1_538' title='bbox 1228 872 1353 930; x_wconf 74' lang='lat' dir='ltr'>reeteque</span> <span class='ocrx_word' id='word_1_539' title='bbox 1374 861 1473 918; x_wconf 88' lang='lat' dir='ltr'>dicitur</span> <span class='ocrx_word' id='word_1_540' title='bbox 1496 880 1549 919; x_wconf 86' lang='lat' dir='ltr'>non</span> <span class='ocrx_word' id='word_1_541' title='bbox 1572 864 1657 920; x_wconf 89' lang='lat' dir='ltr'>bonus</span> <span class='ocrx_word' id='word_1_542' title='bbox 1676 867 1791 921; x_wconf 88' lang='lat' dir='ltr'>animus.</span> 
     </span>
    </p>

    <p class='ocr_par' dir='ltr' id='par_1_13' title="bbox 1007 947 1792 1023">
     <span class='ocr_line' id='line_1_69' title="bbox 1007 947 1792 1023; baseline 0.01 -23"><span class='ocrx_word' id='word_1_543' title='bbox 1007 947 1091 1002; x_wconf 81' lang='lat' dir='ltr'>Distat</span> <span class='ocrx_word' id='word_1_544' title='bbox 1104 949 1174 1003; x_wconf 90' lang='lat' dir='ltr'>cuim</span> <span class='ocrx_word' id='word_1_545' title='bbox 1185 949 1218 1003; x_wconf 89' lang='lat' dir='ltr'>ab</span> <span class='ocrx_word' id='word_1_546' title='bbox 1228 965 1260 1005; x_wconf 89' lang='lat' dir='ltr'>co</span> <span class='ocrx_word' id='word_1_547' title='bbox 1270 951 1316 1020; x_wconf 81' lang='lat' dir='ltr'>gui</span> <span class='ocrx_word' id='word_1_548' title='bbox 1328 951 1378 1007; x_wconf 88' lang='lat' dir='ltr'>boc</span> <span class='ocrx_word' id='word_1_549' title='bbox 1391 952 1445 1022; x_wconf 85' lang='lat' dir='ltr'>egit</span> <span class='ocrx_word' id='word_1_550' title='bbox 1456 969 1462 1006; x_wconf 91' lang='lat'><strong>:</strong></span> <span class='ocrx_word' id='word_1_551' title='bbox 1474 960 1501 1007; x_wconf 92' lang='lat' dir='ltr'>et</span> <span class='ocrx_word' id='word_1_552' title='bbox 1515 954 1576 1023; x_wconf 86' lang='lat' dir='ltr'>quia</span> <span class='ocrx_word' id='word_1_553' title='bbox 1590 953 1632 1008; x_wconf 87' lang='lat' dir='ltr'>ille</span> <span class='ocrx_word' id='word_1_554' title='bbox 1642 953 1792 1021; x_wconf 89' lang='lat' dir='ltr'>laudabilis,</span> 
     </span>
    </p>

    <p class='ocr_par' dir='ltr' id='par_1_14' title="bbox 1008 1037 1792 1113">
     <span class='ocr_line' id='line_1_70' title="bbox 1008 1037 1792 1113; baseline 0.01 -21"><span class='ocrx_word' id='word_1_555' title='bbox 1008 1037 1127 1108; x_wconf 89' lang='lat' dir='ltr'>proiecto</span> <span class='ocrx_word' id='word_1_556' title='bbox 1140 1039 1191 1095; x_wconf 84' lang='lat' dir='ltr'>iste</span> <span class='ocrx_word' id='word_1_557' title='bbox 1201 1042 1246 1110; x_wconf 80' lang='lat' dir='ltr'>uui</span> <span class='ocrx_word' id='word_1_558' title='bbox 1261 1040 1312 1096; x_wconf 87' lang='lat' dir='ltr'>lroc</span> <span class='ocrx_word' id='word_1_559' title='bbox 1326 1056 1378 1097; x_wconf 92' lang='lat' dir='ltr'>non</span> <span class='ocrx_word' id='word_1_560' title='bbox 1393 1043 1457 1111; x_wconf 86' lang='lat' dir='ltr'>agit,</span> <span class='ocrx_word' id='word_1_561' title='bbox 1471 1043 1652 1113; x_wconf 79' lang='lat' dir='ltr'>vituperabilis</span> <span class='ocrx_word' id='word_1_562' title='bbox 1662 1051 1713 1099; x_wconf 78' lang='lat' dir='ltr'>cst.</span> <span class='ocrx_word' id='word_1_563' title='bbox 1725 1043 1792 1099; x_wconf 86' lang='lat' dir='ltr'>Cum</span> 
     </span>
    </p>

    <p class='ocr_par' dir='ltr' id='par_1_15' title="bbox 1008 1127 1795 1381">
     <span class='ocr_line' id='line_1_71' title="bbox 1008 1127 1795 1199; baseline 0.009 -19"><span class='ocrx_word' id='word_1_564' title='bbox 1008 1142 1071 1183; x_wconf 89' lang='lat' dir='ltr'>rere</span> <span class='ocrx_word' id='word_1_565' title='bbox 1082 1127 1137 1198; x_wconf 87' lang='lat' dir='ltr'>agit</span> <span class='ocrx_word' id='word_1_566' title='bbox 1149 1127 1200 1183; x_wconf 87' lang='lat' dir='ltr'>boc</span> <span class='ocrx_word' id='word_1_567' title='bbox 1214 1130 1318 1196; x_wconf 87' lang='lat' dir='ltr'>studio,</span> <span class='ocrx_word' id='word_1_568' title='bbox 1333 1140 1361 1185; x_wconf 91' lang='lat' dir='ltr'>ct</span> <span class='ocrx_word' id='word_1_569' title='bbox 1380 1131 1409 1185; x_wconf 88' lang='lat' dir='ltr'>iit</span> <span class='ocrx_word' id='word_1_570' title='bbox 1422 1131 1508 1186; x_wconf 69' lang='lat' dir='ltr'>leontis</span> <span class='ocrx_word' id='word_1_571' title='bbox 1521 1135 1641 1199; x_wconf 90' lang='lat' dir='ltr'>animos,</span> <span class='ocrx_word' id='word_1_572' title='bbox 1657 1133 1707 1188; x_wconf 89' lang='lat' dir='ltr'>nisi</span> <span class='ocrx_word' id='word_1_573' title='bbox 1721 1148 1750 1188; x_wconf 87' lang='lat' dir='ltr'>se</span> <span class='ocrx_word' id='word_1_574' title='bbox 1761 1133 1795 1187; x_wconf 86' lang='lat' dir='ltr'>ad</span> 
     </span>
     <span class='ocr_line' id='line_1_72' title="bbox 1008 1220 1795 1299; baseline 0.01 -27"><span class='ocrx_word' id='word_1_575' title='bbox 1008 1220 1107 1299; x_wconf 80' lang='lat' dir='ltr'>aliquid</span> <span class='ocrx_word' id='word_1_576' title='bbox 1121 1230 1260 1277; x_wconf 86' lang='lat' dir='ltr'>convertat</span> <span class='ocrx_word' id='word_1_577' title='bbox 1271 1222 1342 1292; x_wconf 84' lang='lat' dir='ltr'>quod</span> <span class='ocrx_word' id='word_1_578' title='bbox 1361 1224 1419 1292; x_wconf 89' lang='lat' dir='ltr'>ipsc</span> <span class='ocrx_word' id='word_1_579' title='bbox 1437 1231 1561 1291; x_wconf 91' lang='lat' dir='ltr'>nonest,</span> <span class='ocrx_word' id='word_1_580' title='bbox 1577 1240 1630 1278; x_wconf 87' lang='grc' dir='ltr'>εεε</span> <span class='ocrx_word' id='word_1_581' title='bbox 1645 1233 1730 1294; x_wconf 71' lang='lat' dir='ltr'>protest</span> <span class='ocrx_word' id='word_1_582' title='bbox 1744 1224 1795 1280; x_wconf 87' lang='lat' dir='ltr'>lroe</span> 
     </span>
     <span class='ocr_line' id='line_1_73' title="bbox 1008 1312 1793 1381; baseline 0.003 -15"><span class='ocrx_word' id='word_1_583' title='bbox 1008 1312 1123 1381; x_wconf 82' lang='lat' dir='ltr'>assequi.</span> <span class='ocrx_word' id='word_1_584' title='bbox 1131 1312 1189 1381; x_wconf 92' lang='lat' dir='ltr'>Quo</span> <span class='ocrx_word' id='word_1_585' title='bbox 1199 1329 1228 1368; x_wconf 89' lang='lat' dir='ltr'>se</span> <span class='ocrx_word' id='word_1_586' title='bbox 1238 1324 1328 1369; x_wconf 65' lang='lat' dir='ltr'>autrrm</span> <span class='ocrx_word' id='word_1_587' title='bbox 1338 1325 1476 1372; x_wconf 76' lang='lat' dir='ltr'>convertat</span> <span class='ocrx_word' id='word_1_588' title='bbox 1489 1325 1517 1370; x_wconf 91' lang='lat' dir='ltr'>ut</span> <span class='ocrx_word' id='word_1_589' title='bbox 1528 1315 1574 1370; x_wconf 83' lang='lat' dir='ltr'>lint</span> <span class='ocrx_word' id='word_1_590' title='bbox 1584 1315 1669 1371; x_wconf 89' lang='lat' dir='ltr'>bonus</span> <span class='ocrx_word' id='word_1_591' title='bbox 1678 1316 1793 1379; x_wconf 88' lang='lat' dir='ltr'>animus,</span> 
     </span>
    </p>

    <p class='ocr_par' dir='ltr' id='par_1_16' title="bbox 1009 1405 1809 1838">
     <span class='ocr_line' id='line_1_74' title="bbox 1009 1405 1797 1478; baseline 0.006 -21"><span class='ocrx_word' id='word_1_592' title='bbox 1009 1405 1059 1460; x_wconf 87' lang='lat' dir='ltr'>nisi</span> <span class='ocrx_word' id='word_1_593' title='bbox 1071 1405 1105 1459; x_wconf 79' lang='grc' dir='ltr'>εει</span> <span class='ocrx_word' id='word_1_594' title='bbox 1117 1405 1231 1473; x_wconf 89' lang='lat' dir='ltr'>bonum,</span> <span class='ocrx_word' id='word_1_595' title='bbox 1250 1422 1309 1462; x_wconf 91' lang='lat' dir='ltr'>eum</span> <span class='ocrx_word' id='word_1_596' title='bbox 1331 1406 1380 1461; x_wconf 88' lang='lat' dir='ltr'>boc</span> <span class='ocrx_word' id='word_1_597' title='bbox 1393 1416 1464 1461; x_wconf 78' lang='lat' dir='ltr'>amau</span> <span class='ocrx_word' id='word_1_598' title='bbox 1477 1417 1504 1464; x_wconf 89' lang='lat' dir='ltr'>et</span> <span class='ocrx_word' id='word_1_599' title='bbox 1517 1408 1619 1478; x_wconf 87' lang='lat' dir='ltr'>appetit</span> <span class='ocrx_word' id='word_1_600' title='bbox 1632 1415 1660 1462; x_wconf 91' lang='grc' dir='ltr'>ει</span> <span class='ocrx_word' id='word_1_601' title='bbox 1672 1406 1797 1476; x_wconf 87' lang='lat' dir='ltr'>adipisci·</span> 
     </span>
     <span class='ocr_line' id='line_1_75' title="bbox 1010 1494 1796 1569; baseline 0.009 -21"><span class='ocrx_word' id='word_1_602' title='bbox 1010 1496 1070 1548; x_wconf 82' lang='lat' dir='ltr'>tur?</span> <span class='ocrx_word' id='word_1_603' title='bbox 1085 1494 1161 1551; x_wconf 82' lang='lat' dir='ltr'>Unde</span> <span class='ocrx_word' id='word_1_604' title='bbox 1173 1511 1203 1550; x_wconf 87' lang='lat' dir='ltr'>sc</span> <span class='ocrx_word' id='word_1_605' title='bbox 1215 1498 1237 1552; x_wconf 89' lang='lat' dir='ltr'>si</span> <span class='ocrx_word' id='word_1_606' title='bbox 1250 1511 1343 1553; x_wconf 85' lang='lat' dir='ltr'>rursus</span> <span class='ocrx_word' id='word_1_607' title='bbox 1357 1506 1480 1565; x_wconf 77' lang='lat' dir='ltr'>avertat,</span> <span class='ocrx_word' id='word_1_608' title='bbox 1501 1498 1600 1569; x_wconf 80' lang='lat' dir='ltr'>datque</span> <span class='ocrx_word' id='word_1_609' title='bbox 1622 1514 1674 1553; x_wconf 93' lang='lat' dir='ltr'>non</span> <span class='ocrx_word' id='word_1_610' title='bbox 1691 1499 1796 1563; x_wconf 86' lang='lat' dir='ltr'>burrus,</span> 
     </span>
     <span class='ocr_line' id='line_1_76' title="bbox 1009 1584 1809 1655; baseline 0.009 -17"><span class='ocrx_word' id='word_1_611' title='bbox 1009 1584 1060 1639; x_wconf 89' lang='lat' dir='ltr'>boc</span> <span class='ocrx_word' id='word_1_612' title='bbox 1073 1585 1132 1654; x_wconf 89' lang='lat' dir='ltr'>ipso</span> <span class='ocrx_word' id='word_1_613' title='bbox 1144 1602 1197 1655; x_wconf 80' lang='lat' dir='ltr'>quo</span> <span class='ocrx_word' id='word_1_614' title='bbox 1208 1602 1237 1643; x_wconf 86' lang='lat' dir='ltr'>sc</span> <span class='ocrx_word' id='word_1_615' title='bbox 1249 1590 1344 1643; x_wconf 91' lang='lat' dir='ltr'>arcrtit</span> <span class='ocrx_word' id='word_1_616' title='bbox 1355 1606 1369 1643; x_wconf 94' lang='lat' dir='ltr'>a</span> <span class='ocrx_word' id='word_1_617' title='bbox 1381 1590 1462 1653; x_wconf 81' lang='lat' dir='ltr'>botro,</span> <span class='ocrx_word' id='word_1_618' title='bbox 1475 1590 1525 1644; x_wconf 73' lang='lat' dir='ltr'>nisi</span> <span class='ocrx_word' id='word_1_619' title='bbox 1538 1601 1644 1646; x_wconf 82' lang='lat' dir='ltr'>mancat</span> <span class='ocrx_word' id='word_1_620' title='bbox 1654 1592 1680 1645; x_wconf 86' lang='lat' dir='ltr'>in</span> <span class='ocrx_word' id='word_1_621' title='bbox 1691 1607 1721 1646; x_wconf 86' lang='lat' dir='ltr'>sc</span> <span class='ocrx_word' id='word_1_622' title='bbox 1732 1590 1809 1645; x_wconf 64' lang='lat' dir='ltr'>illude</span> 
     </span>
     <span class='ocr_line' id='line_1_77' title="bbox 1010 1680 1799 1753; baseline 0 -19"><span class='ocrx_word' id='word_1_623' title='bbox 1010 1681 1109 1734; x_wconf 90' lang='lat' dir='ltr'>bonum</span> <span class='ocrx_word' id='word_1_624' title='bbox 1123 1680 1193 1735; x_wconf 88' lang='lat' dir='ltr'>unde</span> <span class='ocrx_word' id='word_1_625' title='bbox 1206 1696 1235 1736; x_wconf 89' lang='lat' dir='ltr'>se</span> <span class='ocrx_word' id='word_1_626' title='bbox 1247 1683 1351 1746; x_wconf 83' lang='lat' dir='ltr'>avertit,</span> <span class='ocrx_word' id='word_1_627' title='bbox 1369 1698 1421 1735; x_wconf 91' lang='lat' dir='ltr'>non</span> <span class='ocrx_word' id='word_1_628' title='bbox 1436 1694 1476 1737; x_wconf 89' lang='grc' dir='ltr'>εει</span> <span class='ocrx_word' id='word_1_629' title='bbox 1489 1698 1542 1753; x_wconf 80' lang='lat' dir='ltr'>quo</span> <span class='ocrx_word' id='word_1_630' title='bbox 1552 1697 1581 1737; x_wconf 92' lang='lat' dir='ltr'>sc</span> <span class='ocrx_word' id='word_1_631' title='bbox 1596 1683 1703 1747; x_wconf 86' lang='lat' dir='ltr'>iterum,</span> <span class='ocrx_word' id='word_1_632' title='bbox 1718 1682 1740 1737; x_wconf 91' lang='lat' dir='ltr'>si</span> <span class='ocrx_word' id='word_1_633' title='bbox 1752 1696 1799 1736; x_wconf 85' lang='lat' dir='ltr'>ro·</span> 
     </span>
     <span class='ocr_line' id='line_1_78' title="bbox 1011 1771 1417 1838; baseline 0.005 -14"><span class='ocrx_word' id='word_1_634' title='bbox 1011 1771 1090 1825; x_wconf 90' lang='lat' dir='ltr'>luerit</span> <span class='ocrx_word' id='word_1_635' title='bbox 1102 1771 1254 1838; x_wconf 89' lang='lat' dir='ltr'>emendare,</span> <span class='ocrx_word' id='word_1_636' title='bbox 1270 1782 1417 1826; x_wconf 81' lang='lat' dir='ltr'>corruertat.</span> 
     </span>
    </p>

    <p class='ocr_par' dir='ltr' id='par_1_17' title="bbox 1008 1862 1885 4845">
     <span class='ocr_line' id='line_1_79' title="bbox 1046 1862 1799 1933; baseline 0.003 -16"><span class='ocrx_word' id='word_1_637' title='bbox 1046 1862 1072 1917; x_wconf 81' lang='lat'>5.</span> <span class='ocrx_word' id='word_1_638' title='bbox 1085 1862 1252 1933; x_wconf 80' lang='lat' dir='ltr'>Quapropter</span> <span class='ocrx_word' id='word_1_639' title='bbox 1271 1863 1345 1918; x_wconf 85' lang='lat' dir='ltr'>nulla</span> <span class='ocrx_word' id='word_1_640' title='bbox 1370 1873 1460 1920; x_wconf 87' lang='lat' dir='ltr'>essent</span> <span class='ocrx_word' id='word_1_641' title='bbox 1483 1865 1618 1920; x_wconf 86' lang='lat' dir='ltr'>mutabilia</span> <span class='ocrx_word' id='word_1_642' title='bbox 1640 1864 1725 1928; x_wconf 87' lang='lat' dir='ltr'>bono,</span> <span class='ocrx_word' id='word_1_643' title='bbox 1747 1864 1799 1919; x_wconf 88' lang='lat' dir='ltr'>nisi</span> 
     </span>
     <span class='ocr_line' id='line_1_80' title="bbox 1011 1954 1798 2024; baseline -0.001 -15"><span class='ocrx_word' id='word_1_644' title='bbox 1011 1962 1083 2009; x_wconf 83' lang='lat' dir='ltr'>essct</span> <span class='ocrx_word' id='word_1_645' title='bbox 1091 1954 1306 2010; x_wconf 87' lang='lat' dir='ltr'>incommutabile</span> <span class='ocrx_word' id='word_1_646' title='bbox 1316 1955 1426 2010; x_wconf 89' lang='lat' dir='ltr'>bonuru.</span> <span class='ocrx_word' id='word_1_647' title='bbox 1436 1955 1502 2010; x_wconf 82' lang='lat' dir='ltr'>Corn</span> <span class='ocrx_word' id='word_1_648' title='bbox 1517 1954 1798 2024; x_wconf 84' lang='lat' dir='ltr'>itaqneaudisbonum</span> 
     </span>
     <span class='ocr_line' id='line_1_81' title="bbox 1011 2047 1799 2118; baseline 0.004 -17"><span class='ocrx_word' id='word_1_649' title='bbox 1011 2050 1062 2102; x_wconf 89' lang='lat' dir='ltr'>lroe</span> <span class='ocrx_word' id='word_1_650' title='bbox 1076 2055 1103 2102; x_wconf 89' lang='lat' dir='ltr'>ct</span> <span class='ocrx_word' id='word_1_651' title='bbox 1116 2047 1214 2102; x_wconf 92' lang='lat' dir='ltr'>bonum</span> <span class='ocrx_word' id='word_1_652' title='bbox 1230 2047 1306 2113; x_wconf 90' lang='lat' dir='ltr'>illud,</span> <span class='ocrx_word' id='word_1_653' title='bbox 1318 2063 1377 2118; x_wconf 77' lang='lat' dir='ltr'>qum</span> <span class='ocrx_word' id='word_1_654' title='bbox 1389 2058 1501 2117; x_wconf 86' lang='lat' dir='ltr'>possunt</span> <span class='ocrx_word' id='word_1_655' title='bbox 1512 2049 1577 2103; x_wconf 84' lang='lat' dir='ltr'>alias</span> <span class='ocrx_word' id='word_1_656' title='bbox 1589 2049 1640 2103; x_wconf 90' lang='lat' dir='ltr'>dici</span> <span class='ocrx_word' id='word_1_657' title='bbox 1654 2048 1733 2103; x_wconf 89' lang='lat' dir='ltr'>ctiam</span> <span class='ocrx_word' id='word_1_658' title='bbox 1745 2062 1799 2104; x_wconf 92' lang='lat' dir='ltr'>non</span> 
     </span>
     <span class='ocr_line' id='line_1_82' title="bbox 1011 2136 1799 2210; baseline 0.005 -20"><span class='ocrx_word' id='word_1_659' title='bbox 1011 2136 1097 2205; x_wconf 87' lang='lat' dir='ltr'>bona,</span> <span class='ocrx_word' id='word_1_660' title='bbox 1113 2137 1135 2192; x_wconf 88' lang='lat' dir='ltr'>si</span> <span class='ocrx_word' id='word_1_661' title='bbox 1150 2138 1268 2208; x_wconf 85' lang='lat' dir='ltr'>potueris</span> <span class='ocrx_word' id='word_1_662' title='bbox 1282 2139 1340 2194; x_wconf 91' lang='lat' dir='ltr'>sinc</span> <span class='ocrx_word' id='word_1_663' title='bbox 1355 2139 1408 2193; x_wconf 87' lang='lat' dir='ltr'>illis</span> <span class='ocrx_word' id='word_1_664' title='bbox 1430 2154 1489 2210; x_wconf 77' lang='lat' dir='ltr'>qum</span> <span class='ocrx_word' id='word_1_665' title='bbox 1513 2140 1714 2209; x_wconf 85' lang='lat' dir='ltr'>participatione</span> <span class='ocrx_word' id='word_1_666' title='bbox 1734 2140 1799 2195; x_wconf 90' lang='lat' dir='ltr'>boni</span> 
     </span>
     <span class='ocr_line' id='line_1_83' title="bbox 1011 2228 1798 2303; baseline 0.004 -20"><span class='ocrx_word' id='word_1_667' title='bbox 1011 2228 1080 2284; x_wconf 82' lang='lat' dir='ltr'>buna</span> <span class='ocrx_word' id='word_1_668' title='bbox 1094 2240 1172 2294; x_wconf 83' lang='lat' dir='ltr'>sunt,</span> <span class='ocrx_word' id='word_1_669' title='bbox 1189 2231 1339 2300; x_wconf 85' lang='lat' dir='ltr'>perspicere</span> <span class='ocrx_word' id='word_1_670' title='bbox 1351 2232 1436 2300; x_wconf 89' lang='lat' dir='ltr'>ipsum</span> <span class='ocrx_word' id='word_1_671' title='bbox 1449 2232 1547 2287; x_wconf 87' lang='lat' dir='ltr'>bonurn</span> <span class='ocrx_word' id='word_1_672' title='bbox 1561 2232 1636 2302; x_wconf 87' lang='lat' dir='ltr'>cttjus</span> <span class='ocrx_word' id='word_1_673' title='bbox 1656 2232 1798 2303; x_wconf 87' lang='lat' dir='ltr'>participa·</span> 
     </span>
     <span class='ocr_line' id='line_1_84' title="bbox 1012 2321 1799 2394; baseline 0.005 -19"><span class='ocrx_word' id='word_1_674' title='bbox 1012 2322 1084 2377; x_wconf 81' lang='lat' dir='ltr'>titrrre</span> <span class='ocrx_word' id='word_1_675' title='bbox 1099 2321 1166 2377; x_wconf 90' lang='lat' dir='ltr'>bona</span> <span class='ocrx_word' id='word_1_676' title='bbox 1179 2330 1258 2388; x_wconf 78' lang='lat' dir='ltr'>sunt3</span> <span class='ocrx_word' id='word_1_677' title='bbox 1272 2323 1349 2378; x_wconf 90' lang='lat' dir='ltr'>sinurl</span> <span class='ocrx_word' id='word_1_678' title='bbox 1360 2324 1432 2377; x_wconf 90' lang='lat' dir='ltr'>eninr</span> <span class='ocrx_word' id='word_1_679' title='bbox 1448 2332 1473 2377; x_wconf 91' lang='lat' dir='ltr'>ct</span> <span class='ocrx_word' id='word_1_680' title='bbox 1489 2324 1574 2393; x_wconf 90' lang='lat' dir='ltr'>ipsum</span> <span class='ocrx_word' id='word_1_681' title='bbox 1587 2324 1724 2394; x_wconf 81' lang='lat' dir='ltr'>intelligis,</span> <span class='ocrx_word' id='word_1_682' title='bbox 1737 2339 1799 2379; x_wconf 91' lang='lat' dir='ltr'>erun</span> 
     </span>
     <span class='ocr_line' id='line_1_85' title="bbox 1011 2413 1799 2485; baseline 0.004 -18"><span class='ocrx_word' id='word_1_683' title='bbox 1011 2413 1086 2468; x_wconf 89' lang='lat' dir='ltr'>audis</span> <span class='ocrx_word' id='word_1_684' title='bbox 1101 2414 1152 2469; x_wconf 88' lang='lat' dir='ltr'>lroc</span> <span class='ocrx_word' id='word_1_685' title='bbox 1163 2423 1208 2468; x_wconf 91' lang='grc' dir='ltr'>εει</span> <span class='ocrx_word' id='word_1_686' title='bbox 1222 2414 1287 2469; x_wconf 91' lang='lat' dir='ltr'>illud</span> <span class='ocrx_word' id='word_1_687' title='bbox 1300 2415 1399 2470; x_wconf 92' lang='lat' dir='ltr'>bonum</span> <span class='ocrx_word' id='word_1_688' title='bbox 1412 2433 1418 2469; x_wconf 92' lang='lat'><strong>:</strong></span> <span class='ocrx_word' id='word_1_689' title='bbox 1431 2418 1453 2469; x_wconf 88' lang='lat' dir='ltr'>si</span> <span class='ocrx_word' id='word_1_690' title='bbox 1470 2430 1535 2485; x_wconf 89' lang='lat' dir='ltr'>crgo</span> <span class='ocrx_word' id='word_1_691' title='bbox 1547 2416 1665 2484; x_wconf 84' lang='lat' dir='ltr'>potueris</span> <span class='ocrx_word' id='word_1_692' title='bbox 1682 2415 1734 2469; x_wconf 83' lang='lat' dir='ltr'>illis</span> <span class='ocrx_word' id='word_1_693' title='bbox 1749 2414 1799 2470; x_wconf 85' lang='lat' dir='ltr'>dc·</span> 
     </span>
     <span class='ocr_line' id='line_1_86' title="bbox 1013 2504 1800 2576; baseline 0.004 -19"><span class='ocrx_word' id='word_1_694' title='bbox 1013 2504 1103 2558; x_wconf 86' lang='lat' dir='ltr'>tractis</span> <span class='ocrx_word' id='word_1_695' title='bbox 1127 2520 1174 2574; x_wconf 85' lang='lat' dir='ltr'>per</span> <span class='ocrx_word' id='word_1_696' title='bbox 1197 2519 1228 2560; x_wconf 83' lang='lat' dir='ltr'>sc</span> <span class='ocrx_word' id='word_1_697' title='bbox 1249 2504 1334 2575; x_wconf 90' lang='lat' dir='ltr'>ipsum</span> <span class='ocrx_word' id='word_1_698' title='bbox 1355 2505 1505 2574; x_wconf 87' lang='lat' dir='ltr'>perspicere</span> <span class='ocrx_word' id='word_1_699' title='bbox 1523 2504 1632 2571; x_wconf 89' lang='lat' dir='ltr'>bonum,</span> <span class='ocrx_word' id='word_1_700' title='bbox 1656 2518 1800 2576; x_wconf 80' lang='lat' dir='ltr'>perspexe-</span> 
     </span>
     <span class='ocr_line' id='line_1_87' title="bbox 1012 2593 1801 2659; baseline -0.001 -11"><span class='ocrx_word' id='word_1_701' title='bbox 1012 2594 1049 2648; x_wconf 89' lang='lat' dir='ltr'>ris</span> <span class='ocrx_word' id='word_1_702' title='bbox 1070 2594 1161 2648; x_wconf 85' lang='lat' dir='ltr'>bcum.</span> <span class='ocrx_word' id='word_1_703' title='bbox 1182 2594 1256 2649; x_wconf 78' lang='lat' dir='ltr'>Etsi</span> <span class='ocrx_word' id='word_1_704' title='bbox 1279 2608 1371 2649; x_wconf 89' lang='lat' dir='ltr'>amore</span> <span class='ocrx_word' id='word_1_705' title='bbox 1393 2593 1545 2659; x_wconf 79' lang='lat' dir='ltr'>inlusoris,</span> <span class='ocrx_word' id='word_1_706' title='bbox 1570 2594 1696 2649; x_wconf 90' lang='lat' dir='ltr'>continuo</span> <span class='ocrx_word' id='word_1_707' title='bbox 1718 2593 1801 2648; x_wconf 82' lang='lat' dir='ltr'>beati·</span> 
     </span>
     <span class='ocr_line' id='line_1_88' title="bbox 1012 2683 1801 2750; baseline 0.008 -14"><span class='ocrx_word' id='word_1_708' title='bbox 1012 2683 1141 2738; x_wconf 86' lang='lat' dir='ltr'>lienberis.</span> <span class='ocrx_word' id='word_1_709' title='bbox 1157 2684 1256 2739; x_wconf 76' lang='lat' dir='ltr'>Pudeat</span> <span class='ocrx_word' id='word_1_710' title='bbox 1270 2694 1358 2739; x_wconf 90' lang='lat' dir='ltr'>autem</span> <span class='ocrx_word' id='word_1_711' title='bbox 1370 2727 1376 2750; x_wconf 95' lang='lat'>‚</span> <span class='ocrx_word' id='word_1_712' title='bbox 1390 2700 1452 2739; x_wconf 92' lang='lat' dir='ltr'>cum</span> <span class='ocrx_word' id='word_1_713' title='bbox 1470 2686 1520 2740; x_wconf 85' lang='lat' dir='ltr'>alia</span> <span class='ocrx_word' id='word_1_714' title='bbox 1534 2700 1586 2740; x_wconf 93' lang='lat' dir='ltr'>non</span> <span class='ocrx_word' id='word_1_715' title='bbox 1607 2694 1730 2740; x_wconf 89' lang='lat' dir='ltr'>amentur</span> <span class='ocrx_word' id='word_1_716' title='bbox 1749 2686 1801 2742; x_wconf 91' lang='lat' dir='ltr'>nisl</span> 
     </span>
     <span class='ocr_line' id='line_1_89' title="bbox 1012 2773 1800 2842; baseline 0.008 -17"><span class='ocrx_word' id='word_1_717' title='bbox 1012 2774 1073 2840; x_wconf 80' lang='lat' dir='ltr'>unia</span> <span class='ocrx_word' id='word_1_718' title='bbox 1098 2773 1166 2827; x_wconf 87' lang='lat' dir='ltr'>bona</span> <span class='ocrx_word' id='word_1_719' title='bbox 1186 2784 1258 2842; x_wconf 86' lang='lat' dir='ltr'>sutri,</span> <span class='ocrx_word' id='word_1_720' title='bbox 1278 2776 1316 2830; x_wconf 87' lang='lat' dir='ltr'>cis</span> <span class='ocrx_word' id='word_1_721' title='bbox 1338 2774 1491 2829; x_wconf 87' lang='lat' dir='ltr'>irrlnureudo</span> <span class='ocrx_word' id='word_1_722' title='bbox 1516 2791 1568 2829; x_wconf 88' lang='lat' dir='ltr'>troo</span> <span class='ocrx_word' id='word_1_723' title='bbox 1592 2791 1683 2831; x_wconf 89' lang='lat' dir='ltr'>amare</span> <span class='ocrx_word' id='word_1_724' title='bbox 1702 2777 1800 2831; x_wconf 88' lang='lat' dir='ltr'>botrum</span> 
     </span>
     <span class='ocr_line' id='line_1_90' title="bbox 1013 2862 1800 2936; baseline 0.008 -22"><span class='ocrx_word' id='word_1_725' title='bbox 1013 2862 1098 2931; x_wconf 80' lang='lat' dir='ltr'>ipurm</span> <span class='ocrx_word' id='word_1_726' title='bbox 1122 2862 1192 2918; x_wconf 90' lang='lat' dir='ltr'>oudo</span> <span class='ocrx_word' id='word_1_727' title='bbox 1212 2863 1280 2918; x_wconf 92' lang='lat' dir='ltr'>bona</span> <span class='ocrx_word' id='word_1_728' title='bbox 1301 2874 1372 2918; x_wconf 88' lang='lat' dir='ltr'>sunt.</span> <span class='ocrx_word' id='word_1_729' title='bbox 1388 2863 1454 2918; x_wconf 87' lang='lat' dir='ltr'>lllrnl</span> <span class='ocrx_word' id='word_1_730' title='bbox 1472 2866 1564 2931; x_wconf 91' lang='lat' dir='ltr'>ctiam,</span> <span class='ocrx_word' id='word_1_731' title='bbox 1587 2865 1657 2936; x_wconf 84' lang='lat' dir='ltr'>qtrod</span> <span class='ocrx_word' id='word_1_732' title='bbox 1678 2866 1800 2930; x_wconf 88' lang='lat' dir='ltr'>animus,</span> 
     </span>
     <span class='ocr_line' id='line_1_91' title="bbox 1013 2953 1801 3021; baseline 0.01 -18"><span class='ocrx_word' id='word_1_733' title='bbox 1013 2959 1113 3005; x_wconf 87' lang='lat' dir='ltr'>tantum</span> <span class='ocrx_word' id='word_1_734' title='bbox 1128 2953 1189 3021; x_wconf 83' lang='lat' dir='ltr'>quia</span> <span class='ocrx_word' id='word_1_735' title='bbox 1204 2960 1245 3008; x_wconf 86' lang='lat' dir='ltr'>cst</span> <span class='ocrx_word' id='word_1_736' title='bbox 1256 2954 1371 3017; x_wconf 85' lang='lat' dir='ltr'>animus,</span> <span class='ocrx_word' id='word_1_737' title='bbox 1385 2954 1466 3009; x_wconf 76' lang='lat' dir='ltr'>etium</span> <span class='ocrx_word' id='word_1_738' title='bbox 1482 2954 1598 3009; x_wconf 90' lang='lat' dir='ltr'>nondum</span> <span class='ocrx_word' id='word_1_739' title='bbox 1614 2970 1647 3010; x_wconf 94' lang='lat' dir='ltr'>co</span> <span class='ocrx_word' id='word_1_740' title='bbox 1660 2954 1741 3011; x_wconf 89' lang='lat' dir='ltr'>nrode</span> <span class='ocrx_word' id='word_1_741' title='bbox 1753 2955 1801 3011; x_wconf 90' lang='lat' dir='ltr'>bo·</span> 
     </span>
     <span class='ocr_line' id='line_1_92' title="bbox 1012 3032 1817 3114; baseline 0.007 -19"><span class='ocrx_word' id='word_1_742' title='bbox 1012 3056 1063 3097; x_wconf 86' lang='lat' dir='ltr'>trus</span> <span class='ocrx_word' id='word_1_743' title='bbox 1077 3058 1128 3113; x_wconf 84' lang='lat' dir='ltr'>quo</span> <span class='ocrx_word' id='word_1_744' title='bbox 1142 3058 1171 3097; x_wconf 88' lang='lat' dir='ltr'>se</span> <span class='ocrx_word' id='word_1_745' title='bbox 1184 3045 1315 3099; x_wconf 88' lang='lat' dir='ltr'>courcrtit</span> <span class='ocrx_word' id='word_1_746' title='bbox 1326 3045 1358 3098; x_wconf 87' lang='lat' dir='ltr'>ad</span> <span class='ocrx_word' id='word_1_747' title='bbox 1373 3044 1588 3100; x_wconf 88' lang='lat' dir='ltr'>incommutabile</span> <span class='ocrx_word' id='word_1_748' title='bbox 1604 3045 1720 3111; x_wconf 87' lang='lat' dir='ltr'>bonum;</span> <span class='ocrx_word' id='word_1_749' title='bbox 1734 3046 1799 3114; x_wconf 89' lang='lat' dir='ltr'>sed,</span> <span class='ocrx_word' id='word_1_750' title='bbox 1815 3032 1817 3043; x_wconf 53' lang='lat'>¹</span> 
     </span>
     <span class='ocr_line' id='line_1_93' title="bbox 1012 3133 1798 3207; baseline 0.008 -20"><span class='ocrx_word' id='word_1_751' title='bbox 1012 3133 1117 3197; x_wconf 82' lang='lat' dir='ltr'>ordiri,</span> <span class='ocrx_word' id='word_1_752' title='bbox 1134 3143 1234 3189; x_wconf 87' lang='lat' dir='ltr'>tuntum</span> <span class='ocrx_word' id='word_1_753' title='bbox 1247 3135 1362 3203; x_wconf 88' lang='lat' dir='ltr'>animus,</span> <span class='ocrx_word' id='word_1_754' title='bbox 1376 3150 1436 3191; x_wconf 90' lang='lat' dir='ltr'>eum</span> <span class='ocrx_word' id='word_1_755' title='bbox 1451 3137 1485 3190; x_wconf 86' lang='lat' dir='ltr'>itu</span> <span class='ocrx_word' id='word_1_756' title='bbox 1497 3137 1573 3193; x_wconf 85' lang='lat' dir='ltr'>nobis</span> <span class='ocrx_word' id='word_1_757' title='bbox 1588 3137 1675 3207; x_wconf 87' lang='lat' dir='ltr'>placet</span> <span class='ocrx_word' id='word_1_758' title='bbox 1694 3147 1723 3192; x_wconf 93' lang='grc' dir='ltr'>ει</span> <span class='ocrx_word' id='word_1_759' title='bbox 1737 3152 1798 3193; x_wconf 88' lang='lat' dir='ltr'>eum</span> 
     </span>
     <span class='ocr_line' id='line_1_94' title="bbox 1011 3224 1799 3298; baseline 0.005 -20"><span class='ocrx_word' id='word_1_760' title='bbox 1011 3225 1083 3278; x_wconf 86' lang='lat' dir='ltr'>otnui</span> <span class='ocrx_word' id='word_1_761' title='bbox 1104 3224 1184 3280; x_wconf 91' lang='lat' dir='ltr'>etiam</span> <span class='ocrx_word' id='word_1_762' title='bbox 1208 3225 1259 3280; x_wconf 91' lang='lat' dir='ltr'>luci</span> <span class='ocrx_word' id='word_1_763' title='bbox 1282 3240 1418 3296; x_wconf 77' lang='lat' dir='ltr'>corporeae</span> <span class='ocrx_word' id='word_1_764' title='bbox 1440 3241 1499 3282; x_wconf 89' lang='lat' dir='ltr'>eum</span> <span class='ocrx_word' id='word_1_765' title='bbox 1524 3227 1590 3282; x_wconf 90' lang='lat' dir='ltr'>benc</span> <span class='ocrx_word' id='word_1_766' title='bbox 1610 3227 1799 3298; x_wconf 86' lang='lat' dir='ltr'>intelligimus,</span> 
     </span>
     <span class='ocr_line' id='line_1_95' title="bbox 1012 3313 1800 3388; baseline 0.008 -20"><span class='ocrx_word' id='word_1_767' title='bbox 1012 3313 1202 3384; x_wconf 74' lang='lat' dir='ltr'>praeferamus,</span> <span class='ocrx_word' id='word_1_768' title='bbox 1217 3331 1270 3370; x_wconf 93' lang='lat' dir='ltr'>non</span> <span class='ocrx_word' id='word_1_769' title='bbox 1284 3316 1310 3371; x_wconf 92' lang='lat' dir='ltr'>iu</span> <span class='ocrx_word' id='word_1_770' title='bbox 1324 3332 1353 3371; x_wconf 92' lang='lat' dir='ltr'>se</span> <span class='ocrx_word' id='word_1_771' title='bbox 1374 3317 1431 3386; x_wconf 91' lang='lat' dir='ltr'>ipso</span> <span class='ocrx_word' id='word_1_772' title='bbox 1446 3316 1522 3373; x_wconf 87' lang='lat' dir='ltr'>nobis</span> <span class='ocrx_word' id='word_1_773' title='bbox 1535 3319 1638 3388; x_wconf 85' lang='lat' dir='ltr'>placet,</span> <span class='ocrx_word' id='word_1_774' title='bbox 1651 3318 1697 3374; x_wconf 90' lang='lat' dir='ltr'>scd</span> <span class='ocrx_word' id='word_1_775' title='bbox 1712 3319 1739 3373; x_wconf 89' lang='lat' dir='ltr'>in</span> <span class='ocrx_word' id='word_1_776' title='bbox 1755 3319 1800 3374; x_wconf 82' lang='lat' dir='ltr'>illa</span> 
     </span>
     <span class='ocr_line' id='line_1_96' title="bbox 1011 3404 1817 3479; baseline 0.009 -21"><span class='ocrx_word' id='word_1_777' title='bbox 1011 3414 1069 3460; x_wconf 89' lang='lat' dir='ltr'>arte</span> <span class='ocrx_word' id='word_1_778' title='bbox 1081 3420 1132 3475; x_wconf 82' lang='lat' dir='ltr'>qua</span> <span class='ocrx_word' id='word_1_779' title='bbox 1146 3404 1232 3461; x_wconf 86' lang='lat' dir='ltr'>iactus</span> <span class='ocrx_word' id='word_1_780' title='bbox 1244 3413 1295 3461; x_wconf 89' lang='grc' dir='ltr'>εει.</span> <span class='ocrx_word' id='word_1_781' title='bbox 1310 3405 1373 3461; x_wconf 90' lang='lat' dir='ltr'>lnde</span> <span class='ocrx_word' id='word_1_782' title='bbox 1386 3408 1457 3462; x_wconf 88' lang='lat' dir='ltr'>enim</span> <span class='ocrx_word' id='word_1_783' title='bbox 1469 3409 1631 3479; x_wconf 87' lang='lat' dir='ltr'>approbatur</span> <span class='ocrx_word' id='word_1_784' title='bbox 1646 3410 1741 3476; x_wconf 85' lang='lat' dir='ltr'>luctus,</span> <span class='ocrx_word' id='word_1_785' title='bbox 1756 3407 1817 3466; x_wconf 70' lang='lat' dir='ltr'>nbi</span> 
     </span>
     <span class='ocr_line' id='line_1_97' title="bbox 1011 3494 1803 3571; baseline 0.014 -23"><span class='ocrx_word' id='word_1_786' title='bbox 1011 3495 1115 3549; x_wconf 85' lang='lat' dir='ltr'>ridetur</span> <span class='ocrx_word' id='word_1_787' title='bbox 1127 3494 1209 3551; x_wconf 87' lang='lat' dir='ltr'>luisse</span> <span class='ocrx_word' id='word_1_788' title='bbox 1221 3494 1368 3552; x_wconf 78' lang='lat' dir='ltr'>faciendus.</span> <span class='ocrx_word' id='word_1_789' title='bbox 1380 3496 1443 3556; x_wconf 80' lang='lat' dir='ltr'>lice</span> <span class='ocrx_word' id='word_1_790' title='bbox 1456 3506 1497 3552; x_wconf 92' lang='lat' dir='ltr'>est</span> <span class='ocrx_word' id='word_1_791' title='bbox 1513 3499 1630 3565; x_wconf 84' lang='lat' dir='ltr'>recitas,</span> <span class='ocrx_word' id='word_1_792' title='bbox 1644 3506 1672 3554; x_wconf 93' lang='grc' dir='ltr'>ει</span> <span class='ocrx_word' id='word_1_793' title='bbox 1685 3499 1803 3571; x_wconf 71' lang='lat' dir='ltr'>simplex</span> 
     </span>
     <span class='ocr_line' id='line_1_98' title="bbox 1011 3586 1801 3659; baseline 0.004 -19"><span class='ocrx_word' id='word_1_794' title='bbox 1011 3586 1109 3642; x_wconf 92' lang='lat' dir='ltr'>bonum</span> <span class='ocrx_word' id='word_1_795' title='bbox 1122 3602 1130 3640; x_wconf 79' lang='lat' dir='ltr'>t</span> <span class='ocrx_word' id='word_1_796' title='bbox 1144 3602 1198 3642; x_wconf 91' lang='lat' dir='ltr'>nort</span> <span class='ocrx_word' id='word_1_797' title='bbox 1210 3586 1280 3643; x_wconf 88' lang='lat' dir='ltr'>coint</span> <span class='ocrx_word' id='word_1_798' title='bbox 1293 3595 1334 3642; x_wconf 87' lang='lat' dir='ltr'>est</span> <span class='ocrx_word' id='word_1_799' title='bbox 1350 3586 1421 3641; x_wconf 93' lang='lat' dir='ltr'>aliud</span> <span class='ocrx_word' id='word_1_800' title='bbox 1434 3587 1535 3658; x_wconf 83' lang='lat' dir='ltr'>aliquid</span> <span class='ocrx_word' id='word_1_801' title='bbox 1555 3602 1634 3658; x_wconf 79' lang='lat' dir='ltr'>quam</span> <span class='ocrx_word' id='word_1_802' title='bbox 1653 3589 1738 3659; x_wconf 86' lang='lat' dir='ltr'>ipsum</span> <span class='ocrx_word' id='word_1_803' title='bbox 1753 3590 1801 3643; x_wconf 91' lang='lat' dir='ltr'>bo-</span> 
     </span>
     <span class='ocr_line' id='line_1_99' title="bbox 1011 3676 1800 3747; baseline 0.001 -15"><span class='ocrx_word' id='word_1_804' title='bbox 1011 3693 1084 3741; x_wconf 90' lang='lat' dir='ltr'>num,</span> <span class='ocrx_word' id='word_1_805' title='bbox 1097 3691 1128 3732; x_wconf 90' lang='lat' dir='ltr'>oc</span> <span class='ocrx_word' id='word_1_806' title='bbox 1143 3692 1190 3747; x_wconf 86' lang='lat' dir='ltr'>per</span> <span class='ocrx_word' id='word_1_807' title='bbox 1209 3676 1260 3732; x_wconf 88' lang='lat' dir='ltr'>hoc</span> <span class='ocrx_word' id='word_1_808' title='bbox 1279 3677 1360 3733; x_wconf 89' lang='lat' dir='ltr'>etiarn</span> <span class='ocrx_word' id='word_1_809' title='bbox 1381 3691 1515 3732; x_wconf 86' lang='lat' dir='ltr'>stttuntttttr</span> <span class='ocrx_word' id='word_1_810' title='bbox 1535 3677 1644 3735; x_wconf 89' lang='lat' dir='ltr'>bonurn.</span> <span class='ocrx_word' id='word_1_811' title='bbox 1658 3678 1715 3733; x_wconf 88' lang='lat' dir='ltr'>Non</span> <span class='ocrx_word' id='word_1_812' title='bbox 1729 3680 1800 3734; x_wconf 87' lang='lat' dir='ltr'>euim</span> 
     </span>
     <span class='ocr_line' id='line_1_100' title="bbox 1010 3769 1801 3843; baseline 0.008 -21"><span class='ocrx_word' id='word_1_813' title='bbox 1010 3770 1093 3837; x_wconf 80' lang='lat' dir='ltr'>minui</span> <span class='ocrx_word' id='word_1_814' title='bbox 1108 3770 1256 3842; x_wconf 86' lang='lat' dir='ltr'>relaugeri</span> <span class='ocrx_word' id='word_1_815' title='bbox 1275 3769 1374 3826; x_wconf 92' lang='lat' dir='ltr'>bonum</span> <span class='ocrx_word' id='word_1_816' title='bbox 1393 3777 1502 3840; x_wconf 88' lang='lat' dir='ltr'>potest,</span> <span class='ocrx_word' id='word_1_817' title='bbox 1526 3771 1577 3826; x_wconf 88' lang='lat' dir='ltr'>nisi</span> <span class='ocrx_word' id='word_1_818' title='bbox 1599 3770 1677 3843; x_wconf 86' lang='lat' dir='ltr'>quod.</span> <span class='ocrx_word' id='word_1_819' title='bbox 1692 3787 1723 3828; x_wconf 82' lang='lat' dir='ltr'>ct</span> <span class='ocrx_word' id='word_1_820' title='bbox 1747 3774 1801 3828; x_wconf 91' lang='lat' dir='ltr'>alio</span> 
     </span>
     <span class='ocr_line' id='line_1_101' title="bbox 1010 3861 1837 3935; baseline 0.006 -18"><span class='ocrx_word' id='word_1_821' title='bbox 1010 3861 1081 3917; x_wconf 92' lang='lat' dir='ltr'>bono</span> <span class='ocrx_word' id='word_1_822' title='bbox 1095 3862 1195 3921; x_wconf 88' lang='lat' dir='ltr'>bonum</span> <span class='ocrx_word' id='word_1_823' title='bbox 1209 3870 1261 3920; x_wconf 90' lang='grc' dir='ltr'>εει.</span> <span class='ocrx_word' id='word_1_824' title='bbox 1273 3863 1314 3918; x_wconf 85' lang='lat' dir='ltr'>ltu</span> <span class='ocrx_word' id='word_1_825' title='bbox 1333 3862 1384 3919; x_wconf 89' lang='lat' dir='ltr'>boc</span> <span class='ocrx_word' id='word_1_826' title='bbox 1402 3879 1432 3919; x_wconf 90' lang='lat' dir='ltr'>se</span> <span class='ocrx_word' id='word_1_827' title='bbox 1454 3864 1533 3935; x_wconf 88' lang='lat' dir='ltr'>igitur</span> <span class='ocrx_word' id='word_1_828' title='bbox 1551 3865 1655 3921; x_wconf 89' lang='lat' dir='ltr'>animus</span> <span class='ocrx_word' id='word_1_829' title='bbox 1669 3867 1816 3922; x_wconf 83' lang='lat' dir='ltr'>conuertit</span> <span class='ocrx_word' id='word_1_830' title='bbox 1831 3870 1837 3878; x_wconf 86' lang='lat'>&#39;</span> 
     </span>
     <span class='ocr_line' id='line_1_102' title="bbox 1011 3953 1801 4026; baseline 0.001 -17"><span class='ocrx_word' id='word_1_831' title='bbox 1011 3962 1040 4009; x_wconf 89' lang='lat' dir='ltr'>ut</span> <span class='ocrx_word' id='word_1_832' title='bbox 1053 3953 1139 4009; x_wconf 88' lang='lat' dir='ltr'>bonus</span> <span class='ocrx_word' id='word_1_833' title='bbox 1152 3954 1205 4022; x_wconf 89' lang='lat' dir='ltr'>sit,</span> <span class='ocrx_word' id='word_1_834' title='bbox 1227 3969 1242 4009; x_wconf 86' lang='lat' dir='ltr'>a</span> <span class='ocrx_word' id='word_1_835' title='bbox 1256 3969 1311 4025; x_wconf 83' lang='lat' dir='ltr'>quo</span> <span class='ocrx_word' id='word_1_836' title='bbox 1323 3954 1403 4011; x_wconf 86' lang='lat' dir='ltr'>habet</span> <span class='ocrx_word' id='word_1_837' title='bbox 1426 3966 1453 4010; x_wconf 91' lang='lat' dir='ltr'>ot</span> <span class='ocrx_word' id='word_1_838' title='bbox 1467 3956 1572 4011; x_wconf 87' lang='lat' dir='ltr'>aninuts</span> <span class='ocrx_word' id='word_1_839' title='bbox 1585 3957 1630 4011; x_wconf 85' lang='lat' dir='ltr'>sit.</span> <span class='ocrx_word' id='word_1_840' title='bbox 1643 3956 1718 4012; x_wconf 88' lang='lat' dir='ltr'>Tunc</span> <span class='ocrx_word' id='word_1_841' title='bbox 1737 3972 1801 4026; x_wconf 82' lang='lat' dir='ltr'>ergo</span> 
     </span>
     <span class='ocr_line' id='line_1_103' title="bbox 1010 4044 1800 4116; baseline 0.005 -19"><span class='ocrx_word' id='word_1_842' title='bbox 1010 4044 1132 4098; x_wconf 85' lang='lat' dir='ltr'>voluntas</span> <span class='ocrx_word' id='word_1_843' title='bbox 1151 4053 1252 4103; x_wconf 72' lang='lat' dir='ltr'>neutrae</span> <span class='ocrx_word' id='word_1_844' title='bbox 1267 4045 1389 4116; x_wconf 89' lang='lat' dir='ltr'>congruit</span> <span class='ocrx_word' id='word_1_845' title='bbox 1404 4056 1433 4099; x_wconf 91' lang='lat' dir='ltr'>ut</span> <span class='ocrx_word' id='word_1_846' title='bbox 1448 4046 1599 4114; x_wconf 78' lang='lat' dir='ltr'>perficiatur</span> <span class='ocrx_word' id='word_1_847' title='bbox 1612 4047 1638 4100; x_wconf 94' lang='lat' dir='ltr'>in</span> <span class='ocrx_word' id='word_1_848' title='bbox 1652 4048 1723 4102; x_wconf 89' lang='lat' dir='ltr'>boue</span> <span class='ocrx_word' id='word_1_849' title='bbox 1741 4048 1800 4101; x_wconf 92' lang='lat' dir='ltr'>ani-</span> 
     </span>
     <span class='ocr_line' id='line_1_104' title="bbox 1010 4134 1800 4206; baseline 0 -15"><span class='ocrx_word' id='word_1_850' title='bbox 1010 4148 1080 4200; x_wconf 87' lang='lat' dir='ltr'>mus,</span> <span class='ocrx_word' id='word_1_851' title='bbox 1096 4150 1157 4190; x_wconf 85' lang='lat' dir='ltr'>cunt</span> <span class='ocrx_word' id='word_1_852' title='bbox 1173 4134 1238 4191; x_wconf 89' lang='lat' dir='ltr'>illud</span> <span class='ocrx_word' id='word_1_853' title='bbox 1253 4136 1352 4192; x_wconf 89' lang='lat' dir='ltr'>bonum</span> <span class='ocrx_word' id='word_1_854' title='bbox 1367 4136 1504 4206; x_wconf 87' lang='lat' dir='ltr'>diligitur¹</span> <span class='ocrx_word' id='word_1_855' title='bbox 1518 4137 1694 4193; x_wconf 84' lang='lat' dir='ltr'>correersionc</span> <span class='ocrx_word' id='word_1_856' title='bbox 1705 4138 1800 4191; x_wconf 88' lang='lat' dir='ltr'>reiun-</span> 
     </span>
     <span class='ocr_line' id='line_1_105' title="bbox 1010 4224 1800 4296; baseline 0.003 -16"><span class='ocrx_word' id='word_1_857' title='bbox 1010 4225 1090 4290; x_wconf 84' lang='lat' dir='ltr'>tatis,</span> <span class='ocrx_word' id='word_1_858' title='bbox 1106 4224 1176 4281; x_wconf 88' lang='lat' dir='ltr'>unde</span> <span class='ocrx_word' id='word_1_859' title='bbox 1190 4235 1231 4282; x_wconf 91' lang='lat' dir='ltr'>cst</span> <span class='ocrx_word' id='word_1_860' title='bbox 1243 4234 1270 4281; x_wconf 90' lang='lat' dir='ltr'>et</span> <span class='ocrx_word' id='word_1_861' title='bbox 1282 4224 1347 4281; x_wconf 88' lang='lat' dir='ltr'>illud</span> <span class='ocrx_word' id='word_1_862' title='bbox 1367 4226 1437 4296; x_wconf 83' lang='lat' dir='ltr'>quod</span> <span class='ocrx_word' id='word_1_863' title='bbox 1453 4242 1504 4280; x_wconf 93' lang='lat' dir='ltr'>non</span> <span class='ocrx_word' id='word_1_864' title='bbox 1518 4226 1649 4282; x_wconf 88' lang='lat' dir='ltr'>amittitur</span> <span class='ocrx_word' id='word_1_865' title='bbox 1662 4241 1800 4282; x_wconf 83' lang='lat' dir='ltr'>necarer·</span> 
     </span>
     <span class='ocr_line' id='line_1_106' title="bbox 1010 4305 1885 4381; baseline -0.003 -9"><span class='ocrx_word' id='word_1_866' title='bbox 1010 4317 1085 4373; x_wconf 86' lang='lat' dir='ltr'>sione</span> <span class='ocrx_word' id='word_1_867' title='bbox 1099 4316 1254 4373; x_wconf 73' lang='lat' dir='ltr'>coturnatis.</span> <span class='ocrx_word' id='word_1_868' title='bbox 1267 4316 1419 4371; x_wconf 79' lang='lat' dir='ltr'>Avertendo</span> <span class='ocrx_word' id='word_1_869' title='bbox 1432 4317 1503 4371; x_wconf 87' lang='lat' dir='ltr'>cuim</span> <span class='ocrx_word' id='word_1_870' title='bbox 1517 4331 1547 4372; x_wconf 90' lang='lat' dir='ltr'>sc</span> <span class='ocrx_word' id='word_1_871' title='bbox 1560 4331 1576 4372; x_wconf 90' lang='lat' dir='ltr'>a</span> <span class='ocrx_word' id='word_1_872' title='bbox 1589 4330 1694 4371; x_wconf 91' lang='lat' dir='ltr'>summo</span> <span class='ocrx_word' id='word_1_873' title='bbox 1712 4315 1798 4381; x_wconf 90' lang='lat' dir='ltr'>bouc,</span> <span class='ocrx_word' id='word_1_874' title='bbox 1882 4305 1885 4309; x_wconf 72' lang='grc'><strong>’</strong></span> 
     </span>
     <span class='ocr_line' id='line_1_107' title="bbox 1009 4407 1801 4476; baseline 0.004 -15"><span class='ocrx_word' id='word_1_875' title='bbox 1009 4408 1105 4463; x_wconf 92' lang='lat' dir='ltr'>amittit</span> <span class='ocrx_word' id='word_1_876' title='bbox 1119 4407 1223 4462; x_wconf 89' lang='lat' dir='ltr'>animus</span> <span class='ocrx_word' id='word_1_877' title='bbox 1236 4417 1265 4463; x_wconf 93' lang='lat' dir='ltr'>ut</span> <span class='ocrx_word' id='word_1_878' title='bbox 1276 4408 1311 4464; x_wconf 85' lang='lat' dir='ltr'>sit</span> <span class='ocrx_word' id='word_1_879' title='bbox 1322 4407 1409 4464; x_wconf 87' lang='lat' dir='ltr'>bonus</span> <span class='ocrx_word' id='word_1_880' title='bbox 1424 4409 1546 4476; x_wconf 89' lang='lat' dir='ltr'>unirnus;</span> <span class='ocrx_word' id='word_1_881' title='bbox 1560 4423 1613 4464; x_wconf 91' lang='lat' dir='ltr'>non</span> <span class='ocrx_word' id='word_1_882' title='bbox 1624 4418 1711 4464; x_wconf 85' lang='lat' dir='ltr'>autern</span> <span class='ocrx_word' id='word_1_883' title='bbox 1722 4408 1801 4464; x_wconf 88' lang='lat' dir='ltr'>anrit-</span> 
     </span>
     <span class='ocr_line' id='line_1_108' title="bbox 1010 4500 1800 4572; baseline 0.006 -18"><span class='ocrx_word' id='word_1_884' title='bbox 1010 4500 1040 4554; x_wconf 89' lang='lat' dir='ltr'>tit</span> <span class='ocrx_word' id='word_1_885' title='bbox 1053 4509 1081 4555; x_wconf 92' lang='lat' dir='ltr'>ut</span> <span class='ocrx_word' id='word_1_886' title='bbox 1093 4502 1128 4556; x_wconf 88' lang='lat' dir='ltr'>sit</span> <span class='ocrx_word' id='word_1_887' title='bbox 1139 4502 1261 4567; x_wconf 82' lang='lat' dir='ltr'>animus,</span> <span class='ocrx_word' id='word_1_888' title='bbox 1278 4517 1338 4557; x_wconf 90' lang='lat' dir='ltr'>eum</span> <span class='ocrx_word' id='word_1_889' title='bbox 1353 4510 1381 4555; x_wconf 89' lang='lat' dir='ltr'>et</span> <span class='ocrx_word' id='word_1_890' title='bbox 1395 4501 1446 4556; x_wconf 91' lang='lat' dir='ltr'>iroc</span> <span class='ocrx_word' id='word_1_891' title='bbox 1458 4501 1512 4570; x_wconf 85' lang='lat' dir='ltr'>jam</span> <span class='ocrx_word' id='word_1_892' title='bbox 1529 4502 1627 4558; x_wconf 90' lang='lat' dir='ltr'>benum</span> <span class='ocrx_word' id='word_1_893' title='bbox 1638 4503 1673 4558; x_wconf 90' lang='lat' dir='ltr'>sit</span> <span class='ocrx_word' id='word_1_894' title='bbox 1688 4518 1800 4572; x_wconf 86' lang='lat' dir='ltr'>corpore</span> 
     </span>
     <span class='ocr_line' id='line_1_109' title="bbox 1009 4591 1800 4663; baseline 0.003 -18"><span class='ocrx_word' id='word_1_895' title='bbox 1009 4591 1124 4647; x_wconf 87' lang='lat' dir='ltr'>melius:</span> <span class='ocrx_word' id='word_1_896' title='bbox 1140 4592 1191 4648; x_wconf 89' lang='lat' dir='ltr'>boc</span> <span class='ocrx_word' id='word_1_897' title='bbox 1211 4607 1275 4662; x_wconf 88' lang='lat' dir='ltr'>ergo</span> <span class='ocrx_word' id='word_1_898' title='bbox 1298 4593 1395 4647; x_wconf 82' lang='lat' dir='ltr'>artrittit</span> <span class='ocrx_word' id='word_1_899' title='bbox 1416 4592 1555 4658; x_wconf 86' lang='lat' dir='ltr'>rulutrtas,</span> <span class='ocrx_word' id='word_1_900' title='bbox 1579 4593 1651 4663; x_wconf 85' lang='lat' dir='ltr'>quod</span> <span class='ocrx_word' id='word_1_901' title='bbox 1677 4593 1800 4648; x_wconf 81' lang='lat' dir='ltr'>uoluntas</span> 
     </span>
     <span class='ocr_line' id='line_1_110' title="bbox 1008 4682 1798 4754; baseline 0.001 -16"><span class='ocrx_word' id='word_1_902' title='bbox 1008 4683 1172 4753; x_wconf 86' lang='lat' dir='ltr'>adipiscitur.</span> <span class='ocrx_word' id='word_1_903' title='bbox 1185 4682 1245 4738; x_wconf 82' lang='lat' dir='ltr'>lam</span> <span class='ocrx_word' id='word_1_904' title='bbox 1255 4685 1326 4738; x_wconf 88' lang='lat' dir='ltr'>euim</span> <span class='ocrx_word' id='word_1_905' title='bbox 1338 4696 1396 4739; x_wconf 87' lang='lat' dir='ltr'>crat</span> <span class='ocrx_word' id='word_1_906' title='bbox 1408 4684 1524 4751; x_wconf 86' lang='lat' dir='ltr'>arrirnus,</span> <span class='ocrx_word' id='word_1_907' title='bbox 1538 4684 1583 4754; x_wconf 82' lang='lat' dir='ltr'>gtti</span> <span class='ocrx_word' id='word_1_908' title='bbox 1597 4684 1715 4740; x_wconf 91' lang='lat' dir='ltr'>eonrerti</span> <span class='ocrx_word' id='word_1_909' title='bbox 1725 4684 1757 4738; x_wconf 88' lang='lat' dir='ltr'>ad</span> <span class='ocrx_word' id='word_1_910' title='bbox 1772 4683 1798 4739; x_wconf 89' lang='lat' dir='ltr'>id</span> 
     </span>
     <span class='ocr_line' id='line_1_111' title="bbox 1011 4774 1807 4845; baseline 0 -16"><span class='ocrx_word' id='word_1_911' title='bbox 1011 4774 1117 4831; x_wconf 81' lang='lat' dir='ltr'>relleta</span> <span class='ocrx_word' id='word_1_912' title='bbox 1138 4788 1191 4844; x_wconf 84' lang='lat' dir='ltr'>quo</span> <span class='ocrx_word' id='word_1_913' title='bbox 1211 4783 1269 4831; x_wconf 91' lang='lat' dir='ltr'>erat</span> <span class='ocrx_word' id='word_1_914' title='bbox 1285 4793 1291 4828; x_wconf 93' lang='lat'>:</span> <span class='ocrx_word' id='word_1_915' title='bbox 1306 4776 1350 4844; x_wconf 82' lang='lat' dir='ltr'>qui</span> <span class='ocrx_word' id='word_1_916' title='bbox 1373 4786 1462 4829; x_wconf 86' lang='lat' dir='ltr'>autem</span> <span class='ocrx_word' id='word_1_917' title='bbox 1476 4774 1557 4831; x_wconf 82' lang='lat' dir='ltr'>uellet</span> <span class='ocrx_word' id='word_1_918' title='bbox 1579 4789 1639 4830; x_wconf 87' lang='lat' dir='ltr'>csse</span> <span class='ocrx_word' id='word_1_919' title='bbox 1656 4782 1807 4845; x_wconf 68' lang='lat' dir='ltr'>antequam,</span> 
     </span>
    </p>
   </div>
   <div class='ocr_carea' id='block_1_7' title="bbox 1009 4864 1883 4932">
    <p class='ocr_par' dir='ltr' id='par_1_18' title="bbox 1009 4864 1883 4932">
     <span class='ocr_line' id='line_1_112' title="bbox 1009 4864 1883 4932; baseline -0.002 -9"><span class='ocrx_word' id='word_1_920' title='bbox 1009 4874 1080 4923; x_wconf 86' lang='lat' dir='ltr'>essct</span> <span class='ocrx_word' id='word_1_921' title='bbox 1094 4864 1212 4922; x_wconf 89' lang='lat' dir='ltr'>noudum</span> <span class='ocrx_word' id='word_1_922' title='bbox 1227 4874 1294 4923; x_wconf 86' lang='lat' dir='ltr'>erat.</span> <span class='ocrx_word' id='word_1_923' title='bbox 1308 4865 1341 4920; x_wconf 76' lang='lat' dir='ltr'>lit</span> <span class='ocrx_word' id='word_1_924' title='bbox 1355 4865 1407 4920; x_wconf 89' lang='lat' dir='ltr'>lroc</span> <span class='ocrx_word' id='word_1_925' title='bbox 1420 4875 1462 4921; x_wconf 92' lang='grc' dir='ltr'>εει</span> <span class='ocrx_word' id='word_1_926' title='bbox 1481 4864 1579 4921; x_wconf 89' lang='lat' dir='ltr'>bonum</span> <span class='ocrx_word' id='word_1_927' title='bbox 1600 4874 1739 4932; x_wconf 84' lang='lat' dir='ltr'>nostrum,</span> <span class='ocrx_word' id='word_1_928' title='bbox 1754 4866 1800 4921; x_wconf 86' lang='lat' dir='ltr'>ubi</span> <span class='ocrx_word' id='word_1_929' title='bbox 1879 4913 1883 4921; x_wconf 92' lang='lat'>.</span> 
     </span>
    </p>
   </div>
   <div class='ocr_carea' id='block_1_8' title="bbox 1007 4954 1825 5487">
    <p class='ocr_par' dir='ltr' id='par_1_19' title="bbox 1007 4954 1825 5487">
     <span class='ocr_line' id='line_1_113' title="bbox 1008 4954 1798 5027; baseline -0.001 -14"><span class='ocrx_word' id='word_1_930' title='bbox 1008 4957 1129 5013; x_wconf 82' lang='lat' dir='ltr'>ridemus</span> <span class='ocrx_word' id='word_1_931' title='bbox 1146 4967 1234 5012; x_wconf 91' lang='lat' dir='ltr'>utrum</span> <span class='ocrx_word' id='word_1_932' title='bbox 1257 4970 1318 5013; x_wconf 88' lang='lat' dir='ltr'>esse</span> <span class='ocrx_word' id='word_1_933' title='bbox 1336 4954 1460 5011; x_wconf 90' lang='lat' dir='ltr'>debuerit</span> <span class='ocrx_word' id='word_1_934' title='bbox 1479 4963 1525 5011; x_wconf 88' lang='lat' dir='ltr'>aut</span> <span class='ocrx_word' id='word_1_935' title='bbox 1543 4955 1654 5021; x_wconf 85' lang='lat' dir='ltr'>debeat,</span> <span class='ocrx_word' id='word_1_936' title='bbox 1670 4955 1798 5027; x_wconf 81' lang='lat' dir='ltr'>qrridquid</span> 
     </span>
     <span class='ocr_line' id='line_1_114' title="bbox 1007 5044 1798 5116; baseline -0.006 -10"><span class='ocrx_word' id='word_1_937' title='bbox 1007 5062 1067 5106; x_wconf 86' lang='lat' dir='ltr'>csse</span> <span class='ocrx_word' id='word_1_938' title='bbox 1088 5047 1213 5103; x_wconf 83' lang='lat' dir='ltr'>debuisse</span> <span class='ocrx_word' id='word_1_939' title='bbox 1234 5054 1280 5102; x_wconf 86' lang='lat' dir='ltr'>aut</span> <span class='ocrx_word' id='word_1_940' title='bbox 1300 5045 1400 5101; x_wconf 88' lang='lat' dir='ltr'>debere</span> <span class='ocrx_word' id='word_1_941' title='bbox 1418 5044 1685 5116; x_wconf 61' lang='lat' dir='ltr'>conprehendentem</span> <span class='ocrx_word' id='word_1_942' title='bbox 1707 5055 1734 5101; x_wconf 88' lang='lat' dir='ltr'>et</span> <span class='ocrx_word' id='word_1_943' title='bbox 1754 5048 1798 5102; x_wconf 91' lang='lat' dir='ltr'>ubi</span> 
     </span>
     <span class='ocr_line' id='line_1_115' title="bbox 1008 5137 1798 5209; baseline -0.008 -12"><span class='ocrx_word' id='word_1_944' title='bbox 1008 5141 1129 5197; x_wconf 88' lang='lat' dir='ltr'>ridemus</span> <span class='ocrx_word' id='word_1_945' title='bbox 1142 5155 1201 5196; x_wconf 86' lang='lat' dir='ltr'>csse</span> <span class='ocrx_word' id='word_1_946' title='bbox 1214 5155 1266 5194; x_wconf 95' lang='lat' dir='ltr'>noo</span> <span class='ocrx_word' id='word_1_947' title='bbox 1281 5138 1399 5209; x_wconf 84' lang='lat' dir='ltr'>potuisse</span> <span class='ocrx_word' id='word_1_948' title='bbox 1409 5139 1458 5194; x_wconf 91' lang='lat' dir='ltr'>uisi</span> <span class='ocrx_word' id='word_1_949' title='bbox 1472 5154 1533 5195; x_wconf 87' lang='lat' dir='ltr'>esse</span> <span class='ocrx_word' id='word_1_950' title='bbox 1548 5137 1703 5203; x_wconf 87' lang='lat' dir='ltr'>debuisset,</span> <span class='ocrx_word' id='word_1_951' title='bbox 1719 5138 1798 5209; x_wconf 85' lang='lat' dir='ltr'>quid·</span> 
     </span>
     <span class='ocr_line' id='line_1_116' title="bbox 1007 5227 1798 5305; baseline -0.008 -16"><span class='ocrx_word' id='word_1_952' title='bbox 1007 5231 1070 5305; x_wconf 87' lang='lat' dir='ltr'>quid</span> <span class='ocrx_word' id='word_1_953' title='bbox 1082 5233 1163 5289; x_wconf 87' lang='lat' dir='ltr'>etiam</span> <span class='ocrx_word' id='word_1_954' title='bbox 1174 5230 1309 5303; x_wconf 76' lang='lat' dir='ltr'>utromodo</span> <span class='ocrx_word' id='word_1_955' title='bbox 1320 5246 1382 5291; x_wconf 86' lang='lat' dir='ltr'>esse</span> <span class='ocrx_word' id='word_1_956' title='bbox 1392 5229 1515 5288; x_wconf 88' lang='lat' dir='ltr'>debuerit</span> <span class='ocrx_word' id='word_1_957' title='bbox 1526 5244 1580 5285; x_wconf 91' lang='lat' dir='ltr'>nou</span> <span class='ocrx_word' id='word_1_958' title='bbox 1592 5227 1798 5299; x_wconf 80' lang='lat' dir='ltr'>comprehendi-</span> 
     </span>
     <span class='ocr_line' id='line_1_117' title="bbox 1007 5308 1825 5396; baseline -0.009 -16"><span class='ocrx_word' id='word_1_959' title='bbox 1007 5327 1094 5381; x_wconf 82' lang='lat' dir='ltr'>mus&#39;.</span> <span class='ocrx_word' id='word_1_960' title='bbox 1112 5325 1169 5380; x_wconf 86' lang='lat' dir='ltr'>lloc</span> <span class='ocrx_word' id='word_1_961' title='bbox 1188 5340 1252 5396; x_wconf 88' lang='lat' dir='ltr'>ergo</span> <span class='ocrx_word' id='word_1_962' title='bbox 1272 5323 1372 5382; x_wconf 78' lang='lat' dir='ltr'>bonrum</span> <span class='ocrx_word' id='word_1_963' title='bbox 1392 5337 1444 5378; x_wconf 93' lang='lat' dir='ltr'>non</span> <span class='ocrx_word' id='word_1_964' title='bbox 1466 5323 1546 5392; x_wconf 87' lang='lat' dir='ltr'>longe</span> <span class='ocrx_word' id='word_1_965' title='bbox 1567 5321 1682 5391; x_wconf 90' lang='lat' dir='ltr'>positum</span> <span class='ocrx_word' id='word_1_966' title='bbox 1701 5328 1742 5374; x_wconf 85' lang='grc' dir='ltr'>εει</span> <span class='ocrx_word' id='word_1_967' title='bbox 1763 5319 1799 5373; x_wconf 90' lang='lat' dir='ltr'>ab</span> <span class='ocrx_word' id='word_1_968' title='bbox 1823 5308 1825 5314; x_wconf 49' lang='lat'><strong><em>⁴</em></strong></span> 
     </span>
     <span class='ocr_line' id='line_1_118' title="bbox 1008 5411 1794 5487; baseline -0.01 -16"><span class='ocrx_word' id='word_1_969' title='bbox 1008 5431 1165 5487; x_wconf 84' lang='lat' dir='ltr'>unoquoque</span> <span class='ocrx_word' id='word_1_970' title='bbox 1177 5425 1296 5471; x_wconf 91' lang='lat' dir='ltr'>nostrum</span> <span class='ocrx_word' id='word_1_971' title='bbox 1312 5432 1318 5468; x_wconf 92' lang='lat'><strong>:</strong></span> <span class='ocrx_word' id='word_1_972' title='bbox 1334 5413 1360 5470; x_wconf 92' lang='lat' dir='ltr'>io</span> <span class='ocrx_word' id='word_1_973' title='bbox 1372 5413 1419 5470; x_wconf 93' lang='lat' dir='ltr'>illo</span> <span class='ocrx_word' id='word_1_974' title='bbox 1431 5413 1502 5469; x_wconf 88' lang='lat' dir='ltr'>cuim</span> <span class='ocrx_word' id='word_1_975' title='bbox 1515 5411 1628 5466; x_wconf 77' lang='lat' dir='ltr'>risimus</span> <span class='ocrx_word' id='word_1_976' title='bbox 1640 5416 1687 5476; x_wconf 85' lang='grc' dir='ltr'>,ει</span> <span class='ocrx_word' id='word_1_977' title='bbox 1699 5422 1794 5463; x_wconf 87' lang='lat' dir='ltr'>more-</span> 
     </span>
    </p>
   </div>
   <div class='ocr_carea' id='block_1_9' title="bbox 1008 5542 1796 5741">
    <p class='ocr_par' dir='ltr' id='par_1_20' title="bbox 1008 5542 1796 5741">
     <span class='ocr_line' id='line_1_119' title="bbox 1039 5542 1643 5618; baseline -0.022 -14"><span class='ocrx_word' id='word_1_978' title='bbox 1039 5558 1046 5587; x_wconf 72' lang='grc' dir='ltr'>ι</span> <span class='ocrx_word' id='word_1_979' title='bbox 1067 5552 1160 5617; x_wconf 73' lang='lat' dir='ltr'>Aliquot</span> <span class='ocrx_word' id='word_1_980' title='bbox 1169 5559 1233 5609; x_wconf 75' lang='lat' dir='ltr'>tiss,</span> <span class='ocrx_word' id='word_1_981' title='bbox 1246 5564 1301 5602; x_wconf 88' lang='lat' dir='ltr'>cum</span> <span class='ocrx_word' id='word_1_982' title='bbox 1312 5551 1345 5601; x_wconf 85' lang='lat' dir='ltr'>nd</span> <span class='ocrx_word' id='word_1_983' title='bbox 1353 5548 1414 5601; x_wconf 83' lang='lat' dir='ltr'>illud</span> <span class='ocrx_word' id='word_1_984' title='bbox 1426 5548 1512 5598; x_wconf 85' lang='lat' dir='ltr'>bonnm</span> <span class='ocrx_word' id='word_1_985' title='bbox 1520 5542 1643 5618; x_wconf 77' lang='lat' dir='ltr'>diripitur.</span> 
     </span>
     <span class='ocr_line' id='line_1_120' title="bbox 1038 5605 1796 5675; baseline -0.021 -10"><span class='ocrx_word' id='word_1_986' title='bbox 1038 5619 1048 5649; x_wconf 71' lang='grc' dir='ltr'>ι</span> <span class='ocrx_word' id='word_1_987' title='bbox 1064 5616 1131 5671; x_wconf 69' lang='lat' dir='ltr'>editi,</span> <span class='ocrx_word' id='word_1_988' title='bbox 1144 5612 1380 5675; x_wconf 58' lang='lat' dir='ltr'>centumcentumn</span> <span class='ocrx_word' id='word_1_989' title='bbox 1391 5611 1479 5659; x_wconf 79' lang='lat' dir='ltr'>ontissa</span> <span class='ocrx_word' id='word_1_990' title='bbox 1490 5605 1604 5671; x_wconf 78' lang='lat' dir='ltr'>porticula</span> <span class='ocrx_word' id='word_1_991' title='bbox 1616 5610 1732 5666; x_wconf 85' lang='lat' dir='ltr'>negante,</span> <span class='ocrx_word' id='word_1_992' title='bbox 1741 5614 1796 5675; x_wconf 62' lang='lat' dir='ltr'>ques</span> 
     </span>
     <span class='ocr_line' id='line_1_121' title="bbox 1008 5678 1777 5741; baseline -0.021 -13"><span class='ocrx_word' id='word_1_993' title='bbox 1008 5678 1129 5741; x_wconf 88' lang='lat' dir='ltr'>reperitur</span> <span class='ocrx_word' id='word_1_994' title='bbox 1141 5678 1164 5724; x_wconf 90' lang='lat' dir='ltr'>iu</span> <span class='ocrx_word' id='word_1_995' title='bbox 1178 5683 1229 5724; x_wconf 79' lang='lat' dir='ltr'>uss.</span> <span class='ocrx_word' id='word_1_996' title='bbox 1774 5680 1777 5685; x_wconf 95' lang='lat'>·</span> 
     </span>
    </p>
   </div>
   <div class='ocr_carea' id='block_1_10' title="bbox 0 0 1976 6356">
    <p class='ocr_par' dir='ltr' id='par_1_21' title="bbox 0 0 1976 6356">
     <span class='ocr_line' id='line_1_122' title="bbox 0 0 1976 6356; baseline 0 0"><span class='ocrx_word' id='word_1_997' title='bbox 0 0 1976 6356; x_wconf 95' lang='lat' dir='ltr'> </span> 
     </span>
    </p>
   </div>
  </div>
 </body>
</html>
