3938 6360
231 236 273 302 ,ts
705 231 755 290 DE
774 227 957 291 eutulanus
975 223 1159 293 desendet,
1174 223 1204 280 S.
1219 223 1402 283 recusum
1834 226 1870 285 ib

235 356 385 416 intellectus
401 368 484 419 esser,
496 359 628 426 maurelii
638 344 792 409 nostrornm
807 343 1020 405 commendatio·

1077 340 1140 395 tiam
1152 348 1246 397 tuam:
1266 342 1307 397 sin
1321 341 1348 397 id
1363 342 1436 413 quod
1447 341 1642 416 dteoaqnoreis
1663 341 1693 400 in
1715 348 1759 411 le,
1776 341 1869 410 sirum,

235 449 460 519 rediligeremus,
477 460 611 517 uunquam
632 443 709 499 nobis
730 442 795 498 satis
821 441 898 497 deret
919 436 954 494 de
971 435 1023 491 iliis
1076 431 1198 498 obseero,
1212 447 1363 502 quaeramus
1375 449 1478 490 reruni.

238 540 298 612 ejus
311 539 501 611 questionibus
512 533 759 600 innumerabilibus,
770 527 1024 602 quibusqrammnti-

235 630 365 701 plagitari
378 637 405 686 et
415 627 559 698 perturbari
572 625 681 680 solunt:
696 639 746 679 nee
767 621 921 676 audiremus
938 617 1026 672 liben-

236 732 289 786 ter,
301 718 346 790 qni
366 734 425 774 eum
440 717 497 786 ejus
508 715 586 771 bride
600 715 659 769 illas
677 711 818 782 expediret
829 708 893 772 3sed
908 707 932 762 ei
954 705 1026 760 lure·

1113 522 1157 578 ιὸ.
1171 522 1234 578 Puta
1260 539 1310 578 nos
1333 525 1419 581 artlme
1437 527 1570 582 neminem
1594 524 1700 581 redisse
1720 524 1869 597 etxjrtspiam

1080 615 1215 685 rel'qionis
1229 615 1432 673 insinuatorem.
1449 617 1519 673 Eece
1539 633 1582 674 res
1606 633 1675 673 nura
1695 627 1736 673 est
1760 618 1869 673 auidus

1078 708 1265 776 negotiumque
1278 721 1441 779 suseeptum.
1454 710 1596 780 Querendi
1617 719 1690 772 sunt.
1705 700 1796 770 eredo.
1815 709 1869 765 bn·

237 823 337 874 remus,
352 809 396 879 qni
410 823 456 877 per
468 821 513 862 eas
532 805 605 861 illum
617 816 722 860 errasse
739 816 770 856 ae
788 799 919 855 delirasse
943 811 1024 852 corra-
1075 797 1121 866 jus
1135 798 1218 859 ruisi
1232 799 1283 853 nlla
1298 801 1373 866 est¹,
1389 802 1566 870 professores.
1594 800 1647 856 Fae
1666 817 1716 857 nos
1736 803 1870 872 reperisse

238 907 312 954 retur
322 897 473 953 ostendere.
500 896 576 952 Nune
589 910 652 949 reno
666 906 726 948 enm
739 907 786 948 eas
801 891 876 946 multi
899 904 931 945 ae
953 887 1026 958 pririe

237 1006 286 1060 pru
298 1005 348 1047 suo
362 990 473 1059 quisque
487 997 566 1056 raptu
592 986 697 1056 aperire
721 992 861 1046 conentur,
883 980 924 1035 bis
938 978 1020 1050 putis-

238 1081 335 1137 simum
348 1079 490 1150 piamlitur,
512 1094 559 1148 per
579 1090 692 1148 qnnrmn
715 1075 907 1144 expositionem
933 1070 1028 1125 irreliur

238 1170 373 1241 iuvenitur
386 1180 472 1238 poeta,
496 1169 606 1238 quinon
627 1167 711 1221 sudium
740 1164 805 1218 nibil
831 1177 964 1233 peccasse,
981 1159 1027 1215 sed

238 1261 305 1317 rtiltil
327 1259 556 1316 norrlamlabiliter
578 1257 720 1321 cecinisse,
744 1256 778 1310 ab
791 1254 830 1309 els
842 1254 921 1309 etiam
933 1251 976 1320 qni
993 1250 1027 1303 il-

237 1353 292 1409 lmn
306 1340 360 1407 iren
376 1350 534 1419 intelligunt,
548 1348 676 1404 creditur.
688 1346 780 1416 ltaque
794 1345 820 1399 in
835 1340 1027 1413 quaestiuncula

237 1443 366 1514 magistro
379 1440 525 1506 deficienti,
541 1449 569 1496 et
582 1437 645 1509 qnid
663 1434 825 1506 respondeat
845 1431 1027 1495 nuntiabunt,

238 1533 540 1604 sureeusenmspotins,
555 1546 634 1602 quam
650 1530 723 1584 illum
745 1538 848 1583 turritum
863 1525 925 1579 ritio
942 1523 1028 1577 ,itero-

233 1628 281 1683 nis
295 1633 428 1696 putamus.
441 1623 500 1679 lain
515 1624 536 1679 si
547 1623 580 1677 ad
604 1620 785 1677 defensionem
802 1633 876 1672 suam
892 1623 1027 1685 preeuum

241 1717 307 1787 tanti
318 1715 435 1770 auctoris
446 1727 568 1769 asserere
589 1709 765 1777 noluerit,slx
783 1708 853 1778 apud
874 1721 934 1761 eum
949 1704 1029 1758 disei-

239 1808 306 1879 puli,
322 1807 362 1863 rel
383 1806 455 1861 datis
481 1803 659 1867 mercedibus,
687 1800 871 1857 remanebunt.
896 1798 1027 1864 Quanmm

243 1908 301 1953 erat
321 1906 351 1951 ut
364 1895 478 1951 similem
490 1893 703 1950 benevolentiam
724 1891 903 1960 preberemus
921 1888 970 1948 eis,
984 1902 1030 1954 prr

239 2007 306 2061 quos
320 1992 435 2047 lueumm
458 2003 518 2046 esse
547 1986 675 2057 Spiritum
691 1992 812 2040 sanetum
836 1992 889 2037 tam
906 1981 1028 2034 dinmrna
1053 2061 1055 2066 Α

164 2144 175 2156 ¹
237 2079 508 2136 retrrstatelrrmatmn
519 2078 581 2135 esti
597 2076 650 2132 Sed
663 2075 766 2132 scilieet
791 2070 1026 2142 intelligentissimi

235 2170 429 2234 arlrdeseentes,
459 2179 486 2224 et
512 2167 572 2223 miri
595 2168 725 2222 rationum
749 2164 954 2235 exploratores,
975 2176 1027 2216 nun

235 2261 350 2317 erudelis
368 2260 461 2316 saltem
476 2260 527 2314 illis
541 2258 658 2326 Litteris,
682 2272 734 2312 nnn
753 2256 870 2325 quesitis
884 2253 1027 2324 rurestris,
1042 2253 1045 2258 '

235 2367 289 2408 aori
305 2352 465 2420 nliqrmnmm
479 2359 567 2404 nostra
581 2348 703 2404 tarditate
713 2355 846 2410 recensata,
873 2360 924 2400 mm
943 2335 1027 2400 ‘deni-

237 2442 341 2510 queret
357 2440 483 2508 mediuerl
509 2438 591 2495 eorde
614 2451 742 2493 enrreesso
764 2435 868 2504 eisqui
897 2432 1027 2503 ejusruodi

237 2532 352 2587 litteras
367 2545 414 2600 per
427 2538 511 2584 tutmu
539 2529 629 2584 urbem
655 2538 707 2582 tarn
728 2527 808 2601 longo
835 2535 953 2594 tempore
966 2525 1026 2594 legi,

236 2622 385 2686 custodiri,
413 2620 573 2689 tractarique
604 2618 764 2683 roluerrmt;
789 2615 855 2670 nibil
880 2615 949 2683 aqum
968 2615 1028 2669 illos

235 2713 401 2771 erulendum
415 2712 575 2782 putarimus,
598 2725 690 2766 eorunm
710 2709 755 2779 qui
774 2708 831 2764 istis
851 2707 949 2761 inimici
962 2706 1028 2762 inle-

238 2807 326 2876 stiqne
343 2812 405 2859 sum
417 2801 628 2868 rueeeomrnoti,
641 2799 710 2870 apud
732 2813 799 2869 qnos
817 2796 883 2853 larisa
899 2797 1028 2866 pollicita·

235 2893 561 2952 tioneratiunisinaulita
586 2892 667 2948 millia
695 2889 844 2947 fabularum
866 2887 977 2944 eredere
1001 2895 1029 2944 et

229 2986 325 3042 eslere
338 2999 504 3055 cogeremur.

264 3075 384 3147 *CAPUT
406 3075 460 3129 itt.
475 3105 510 3115 -
524 3075 564 3130 ll.
591 3072 730 3140 Quaerenda
752 3069 921 3141 erroreliqio.
937 3068 970 3124 ln
993 3069 1028 3124 eis

234 3168 422 3240 querendrqui
433 3152 805 3237 eaeellentqumecelebritate
821 3169 844 3216 et
868 3159 1029 3214 emulemur·

235 3259 368 3331 rrqrutione
386 3257 547 3328 populorum.
576 3253 703 3327 objecturi
730 3253 837 3321 frustra,
851 3250 919 3323 upud
933 3266 1028 3321 paucos

234 3367 288 3406 esse
300 3351 436 3409 ueritatem,
451 3364 496 3402 uee
518 3345 680 3418 quereudnm
698 3345 724 3397 iu
744 3340 1026 3397 nrultitudineCutbnli·

231 3458 329 3499 eorrrxu.
345 3441 448 3517 Temere
458 3440 538 3495 nixum
559 3436 700 3501 llunoratu,
717 3432 952 3503 edxrudequoednm
962 3433 1028 3485 trudi

240 3537 271 3587 r'u
282 3533 406 3586 eutlrolieu
427 3531 556 3601 reliqione.
572 3529 592 3582 Α
615 3527 734 3599 sclipionr
745 3525 879 3597 perseum
896 3523 965 3595 apud
980 3523 1029 3577 Cn-

236 3623 343 3679 tlrolicos
364 3619 427 3675 rrilril
436 3616 594 3691 prolrilrelrut.
606 3616 668 3671 t'uu
688 3615 823 3685 inquiritur
847 3629 905 3669 uera
924 3612 1023 3684 reliqio,

235 3712 386 3780 serrareudum
399 3708 531 3765 exordium
550 3724 566 3762 a
588 3705 713 3761 eutlrolicn
735 3704 860 3759 Ecclesia.
888 3703 940 3760 Sed
958 3720 1027 3758 uterne

236 3803 307 3877 rqrrod
319 3802 419 3858 institui
431 3815 567 3871 peragam,
575 3798 597 3854 si
605 3811 723 3870 possiam,
731 3807 758 3851 et
770 3796 809 3851 sie
818 3795 886 3865 apud
895 3805 923 3850 te
938 3811 1025 3865 agrurn,

237 3906 267 3950 nt
284 3895 361 3951 iidem
384 3891 542 3963 eatlrolieam
561 3904 615 3945 riou
639 3887 746 3942 interim
767 3887 897 3957 aperiam,
925 3887 971 3941 sed
994 3888 1025 3941 ad

235 3984 446 4054 seruumtaejus
465 3997 559 4052 magna
571 3980 707 4053 mysteria,
726 3980 766 4035 eis
785 3994 897 4050 quorum
927 3979 1023 4034 arritum

236 4076 287 4144 sibi
299 4083 449 4142 ritrmsnnt,
463 4088 536 4143 spem
549 4071 631 4128 diuini
650 4070 750 4125 lruetus
763 4078 790 4125 et
802 4070 966 4126 imeniende
981 4087 1025 4126 re-

236 4169 325 4223 ritatis
336 4146 486 4223 ostendam.
496 4162 580 4221 Nemo
599 4161 701 4217 dubitat
715 4176 776 4217 eum
798 4160 841 4232 qni
857 4176 946 4216 rernm
961 4161 1025 4216 reli-

220 4249 340 4332 ‘qiouem
351 4257 472 4330 requirit,
486 4266 532 4312 ant
556 4255 611 4328 jmu
636 4253 745 4311 ererlere
764 4253 941 4309 immormiem
965 4268 1026 4310 esse

235 4351 352 4407 animam
374 4350 415 4405 eui
427 4349 511 4419 prosit
531 4347 574 4401 illa
591 4344 696 4416 religio,
711 4344 847 4399 autetiam
872 4342 984 4412 idipsum
999 4344 1024 4398 iu

237 4438 329 4496 eadem
341 4438 468 4509 religione
480 4437 547 4492 nelle
575 4435 704 4491 invenire.
732 4434 834 4489 dirime
854 4434 932 4504 igitur
944 4448 1023 4488 rausa

237 4528 326 4585 earnis
337 4528 451 4598 religio:
469 4543 529 4582 nam
543 4526 661 4597 eorporis
676 4534 769 4579 natura
783 4539 889 4596 quoquo
904 4523 983 4579 rrrodn
995 4539 1025 4579 se

239 4621 345 4687 balieat,
361 4620 460 4675 nullam
479 4633 570 4673 eurum
597 4633 630 4673 ae
648 4616 854 4672 sollicitudinem
879 4618 971 4673 inentit
988 4618 1023 4683 ei,

239 4713 384 4780 presertim
402 4719 460 4780 post
476 4719 598 4774 mortem,
613 4708 689 4779 enjus
709 4708 795 4763 anima
830 4704 943 4766 requierit
970 4727 1025 4783 equo

192 4812 202 4828 ¹
237 4803 312 4861 beata
326 4802 371 4858 sit.
390 4799 491 4856 dirime
504 4799 583 4871 igituir
605 4812 684 4854 eausa
699 4799 739 4852 rel
753 4799 841 4855 solius
855 4800 895 4855 rel
910 4802 1024 4858 maxime

235 4908 309 4958 uera,
330 4891 353 4948 si
376 4907 428 4961 qua
452 4899 504 4958 est,
519 4889 612 4960 religio
636 4889 777 4943 eorlsritma
792 4899 843 4945 est.
857 4890 919 4947 ilaue
935 4901 1023 4948 :nortem

237 4985 335 5051 anima,
362 4982 454 5039 ridere
477 4997 556 5054 quam
575 4981 609 5037 ob
624 4996 742 5048 eausam,
755 4992 783 5037 et
807 4983 1023 5039 oliseurissimum

234 5088 296 5130 esse
314 5075 453 5139 rorrdteor,
470 5083 541 5128 errat
553 5083 641 5128 tannen
651 5086 683 5128 ae
693 5073 771 5128 stulta
786 5082 837 5136 est,
846 5082 873 5128 nt
892 5072 1022 5143 ridemus,

233 5166 320 5223 donee
330 5166 491 5234 adipiscatur
502 5163 682 5235 percipiatque
694 5165 862 5234 sapientiam,
882 5175 909 5219 et
921 5164 1018 5220 lurens-

234 5269 264 5327 se
277 5255 333 5326 ipsa
347 5266 387 5310 est
400 5271 460 5310 rora
475 5254 578 5324 religio.
600 5251 668 5310 Num
691 5263 717 5309 te
737 5253 770 5311 ad
795 5253 898 5311 subulas
920 5256 1022 5312 siritio?

234 5348 403 5419 numaliqnid
423 5362 489 5417 eoqo
514 5355 540 5401 te
560 5355 660 5403 temere
679 5347 811 5402 eredere?
831 5346 953 5402 brumam
973 5365 1021 5402 rru-

232 5448 317 5495 ttrrm
336 5438 396 5495 dico
407 5452 539 5493 erroneae
554 5437 665 5493 stultitia
678 5437 805 5492 irretitam
818 5449 844 5492 rt
860 5439 1019 5506 demersam,

232 5531 314 5599 slanr,
330 5532 353 5586 si
370 5545 420 5602 qna
431 5540 482 5594 est,
497 5543 617 5599 querere
639 5530 768 5585 veritatis.
779 5529 806 5586 Si
820 5528 871 5586 boe
884 5530 908 5584 in
922 5540 946 5584 te
966 5547 1019 5588 non

230 5631 282 5691 est,
298 5621 332 5676 da
345 5621 457 5687 reniarn,
472 5629 498 5675 et
507 5620 786 5692 participarenumtm.
800 5636 899 5694 qun-so,
915 5624 1029 5695 sapien-1

1079 888 1145 942 alins
1156 888 1228 944 aliud
1238 889 1389 959 opinantes,
1413 899 1440 947 et
1458 891 1611 947 diversitate
1623 892 1780 962 opinionum
1791 892 1826 947 arl
1839 907 1870 947 se

1078 993 1209 1047 quemque
1224 980 1329 1035 trabere
1337 982 1494 1049 eripientem
1518 982 1565 1038 sed
1584 983 1653 1038 inter
1677 981 1870 1047 bosexeellere

1080 1067 1156 1122 lanne
1173 1069 1277 1125 interim
1303 1071 1456 1128 celebritate
1478 1072 1627 1143 quosdam,
1646 1081 1727 1142 atque
1750 1073 1867 1129 oumima

1080 1161 1328 1230 peneoeeupatiune
1344 1163 1513 1231 populorum.
1538 1163 1632 1219 Utrum
1653 1164 1696 1218 isti
1721 1179 1813 1220 verum
1831 1175 1870 1221 tu·

1081 1259 1169 1315 urant,
1185 1266 1277 1322 taragna
1298 1255 1410 1322 questio
1422 1263 1463 1309 est
1477 1272 1483 1309 :
1499 1255 1545 1309 sed
1560 1269 1648 1310 nuntie
1662 1255 1734 1324 prius
1746 1266 1809 1311 snm
1823 1271 1859 1311 rx

1082 1341 1212 1410 plorandi,
1229 1351 1258 1396 ut
1280 1342 1406 1412 quamdiu
1423 1359 1554 1409 erramus,
1569 1347 1592 1399 si
1619 1344 1725 1416 quidem
1748 1344 1872 1403 bairaima

1080 1451 1183 1503 srrrrrns,
1196 1437 1328 1507 cumipse
1341 1452 1440 1507 genere
1452 1438 1570 1493 barmano
1593 1453 1686 1494 errare
1708 1437 1848 1494 videamur
1859 1440 1872 1494 ι

1118 1527 1161 1583 tu.
1173 1530 1207 1583 m
1220 1530 1290 1585 eninr
1304 1529 1373 1600 apud
1386 1544 1484 1600 pauens
1495 1529 1624 1601 quosdam
1637 1540 1678 1586 est
1687 1532 1796 1586 veritas.
1811 1531 1872 1586 Seis

1080 1633 1143 1689 erga
1154 1618 1276 1688 jamque
1287 1620 1332 1682 sit,
1348 1620 1370 1674 si
1381 1619 1434 1675 seis
1446 1619 1515 1690 apud
1539 1634 1606 1691 quos
1620 1620 1664 1675 sit.
1679 1618 1773 1674 Nereine
1795 1619 1873 1675 dise·

1080 1725 1137 1764 ram
1157 1711 1236 1780 paulo
1250 1720 1323 1774 ante,
1336 1720 1365 1765 ut
1379 1711 1454 1782 quasi
1467 1710 1550 1767 rudes
1567 1726 1749 1782 quaereremus
1760 1711 1838 1766 ised
1848 1711 1873 1766 Lei

1085 1815 1118 1856 en
1132 1801 1188 1871 ipsa
1210 1802 1234 1857 ri
1262 1802 1380 1857 ueritatis
1400 1817 1497 1873 pariens
1525 1818 1584 1857 eanx
1610 1813 1703 1858 tenere
1720 1804 1867 1874 enunieetns,

1081 1892 1125 1960 qui
1139 1905 1204 1947 reru
1216 1894 1279 1958 sint,
1295 1893 1383 1948 neseis
1394 1910 1402 1954 ς
1415 1893 1478 1963 qnid
1491 1893 1515 1950 si
1540 1893 1574 1949 lta
1587 1893 1739 1964 pauei'sunt
1756 1894 1801 1966 qni
1825 1910 1871 1950 re·

1080 1982 1245 2046 rumseinnt,
1266 1983 1516 2038 utauetnritutesna
1538 1982 1734 2040 multltudinem
1750 1992 1870 2050 terreant,

1080 2071 1151 2127 unde
1161 2087 1190 2127 se
1200 2073 1226 2127 in
1246 2074 1289 2128 itta
1301 2083 1402 2129 secreta
1415 2073 1540 2143 expedire
1553 2080 1579 2130 et
1588 2074 1664 2145 qrrasi
1673 2075 1793 2146 eliquare
1808 2092 1871 2142 parx-

1080 2162 1145 2218 eitas
1158 2163 1263 2231 possiti
1280 2163 1374 2220 Nonne
1394 2154 1513 2220 ridemus
1536 2178 1615 2234 quam
1640 2166 1717 2235 parret
1739 2180 1871 2220 smarrunm

1080 2252 1256 2322 eloquentiam
1280 2264 1487 2325 consequantur,
1514 2270 1575 2309 eum
1598 2271 1645 2326 per
1670 2267 1753 2310 totum
1777 2258 1872 2312 ortu-m

1080 2343 1323 2400 rbeturumseludre
1337 2346 1547 2401 adolescentium
1555 2346 1680 2418 gregibus
1686 2349 1872 2419 perstrepunt?

1079 2432 1273 2505 Numquidnam
1297 2438 1481 2507 imperiturum
1509 2440 1643 2509 perterriti
1677 2440 1871 2507 multitudine,

1081 2525 1240 2595 qnieumque
1255 2526 1316 2581 boui
1327 2536 1447 2583 iuratores
1462 2528 1576 2585 eradere
1591 2530 1692 2596 rolrrnt,
1706 2530 1807 2586 Cerilli
1820 2533 1871 2588 sibi

1080 2616 1178 2684 potius,
1194 2627 1240 2671 aut
1250 2618 1338 2674 Erurii
1351 2621 1524 2686 orationibus,
1535 2638 1614 2692 quam
1625 2622 1755 2679 Tullianis
1768 2639 1870 2681 naum·

1078 2706 1140 2762 dam
1153 2723 1261 2778 operam
1275 2712 1450 2767 existimanti
1473 2713 1536 2770 liae
1548 2726 1677 2787 appetunt
1690 2731 1794 2784 omnies,
1807 2734 1870 2788 quse

1080 2798 1209 2869 majorum
1223 2804 1381 2859 auctoritate
1402 2803 1504 2861 lirmata
1517 2814 1590 2862 sunt.
1612 2807 1712 2863 Eadem
1731 2810 1869 2881 imperito·

1079 2891 1233 2946 rmnturbe
1258 2891 1362 2950 diseere
1386 2896 1541 2964 mutianum,
1563 2912 1649 2968 quara
1664 2900 1757 2968 quaeis
1778 2900 1867 2958 deeris

1077 2979 1204 3036 discenda
1215 2992 1319 3052 reeepta
1330 2992 1391 3039 sunt
1404 3002 1411 3038 r
1426 2994 1606 3056 asseqrmntur
1626 2997 1716 3044 autem
1729 2992 1869 3060 perpauci,

1078 3082 1161 3141 apum
1173 3073 1320 3142 pauciores,
1332 3074 1485 3132 clarescunt
1511 3078 1672 3147 paucissimi.
1688 3079 1768 3148 putu,
1778 3081 1802 3135 ei
1818 3082 1872 3139 tale

1079 3159 1204 3234 quiddam
1216 3173 1258 3220 est
1272 3180 1335 3221 rera
1348 3166 1462 3237 religio?
1475 3167 1554 3237 Quid,
1582 3168 1604 3223 sl
1619 3169 1762 3226 multitudo
1782 3172 1870 3242 impe·

1079 3253 1344 3324 ritnrumlreqnentat
1354 3256 1491 3320 eeclesias,
1508 3257 1554 3312 sed
1566 3259 1667 3313 nullum
1678 3271 1865 3331 argumentum
1891 3256 1901 3267 ⁸

1079 3354 1130 3412 est,
1144 3343 1205 3400 ideo
1217 3346 1351 3402 nemiuem
1374 3347 1426 3402 illis
1440 3349 1574 3420 nqsteriia
1598 3348 1694 3405 taetrum
1709 3366 1770 3407 esse
1781 3355 1871 3423 perte·

1079 3435 1173 3491 etrrml
1191 3436 1224 3491 Et
1238 3444 1325 3493 tamen
1339 3437 1361 3492 sl
1375 3446 1428 3493 tam
1448 3439 1524 3509 pauei
1539 3439 1677 3496 studerent
1698 3441 1871 3513 eloquentiae,

1078 3543 1158 3599 quam
1170 3530 1246 3600 pauci
1258 3537 1320 3586 sunt
1329 3528 1496 3601 eloquentes,
1515 3547 1650 3602 nunqnam
1671 3546 1721 3590 nos
1745 3546 1872 3607 parentes

1079 3623 1163 3678 nostri
1187 3623 1321 3694 magistris
1353 3623 1469 3679 talibusa
1482 3625 1710 3682 commendandos
1735 3637 1869 3699 putarent.

1079 3712 1144 3768 tium
1156 3711 1236 3782 igitur
1246 3712 1279 3766 ad
1293 3712 1351 3769 lane
1365 3691 1450 3768 s‘tudia
1471 3728 1522 3770 nos
1543 3715 1684 3772 multitudo
1710 3716 1888 3787 invitaverim·

1079 3816 1138 3870 quae
1152 3802 1334 3871 imperitorum
1349 3811 1424 3872 parte
1433 3805 1541 3876 eopiosa
1553 3814 1607 3874 e-t,
1619 3815 1650 3862 ut
1661 3805 1688 3863 ld
1706 3809 1778 3879 quud
1793 3811 1870 3880 pallei

1079 3889 1190 3960 adipisci
1200 3901 1311 3963 possunt
1330 3892 1594 3961 aduruaromumuu
1608 3898 1685 3954 nobie
1709 3913 1770 3956 ease
1792 3900 1870 3958 siuri-

1080 3982 1132 4037 lem
1146 3983 1171 4038 in
1186 3983 1314 4054 religione
1328 3985 1451 4042 nolumus
1463 4002 1582 4056 earrsarn,
1599 4006 1677 4061 quam
1688 4000 1749 4047 eum
1773 4006 1873 4065 magno

1080 4074 1177 4129 anima·
1197 4074 1350 4133 discrimine
1374 4076 1487 4135 toruus
1511 4082 1726 4140 eurrtemnimusi
1740 4083 1768 4141 st
1793 4087 1874 4141 enim·

1079 4163 1234 4220 verissimus
1251 4174 1279 4221 et
1293 4166 1489 4225 sincerissimus
1508 4170 1555 4226 Dei
1579 4171 1676 4240 cultus,
1698 4176 1819 4245 quamvls
1833 4175 1870 4233 sit

1078 4253 1148 4325 apud
1162 4269 1281 4326 pariens,
1298 4258 1367 4327 uprrd
1386 4273 1433 4315 eos
1444 4268 1531 4317 tamen
1543 4271 1584 4319 est
1597 4264 1694 4334 quibus
1714 4266 1866 4335 multitudo,

1077 4359 1228 4415 quanquam
1238 4348 1425 4417 cupiditatibus
1451 4350 1566 4407 iserdum
1580 4362 1636 4409 eta
1662 4357 1775 4425 puritate
1790 4358 1869 4415 intel-¹

1078 4433 1193 4504 ligentiae
1219 4444 1338 4504 remrrta,
1360 4441 1513 4508 eonsentit;
1541 4443 1611 4512 quod
1637 4447 1694 4502 lieri
1721 4448 1870 4520 possequls

1077 4523 1200 4580 dubitetl
1223 4542 1323 4597 quern,
1336 4530 1358 4583 si
1374 4531 1435 4600 quis
1459 4534 1636 4590 temeritatem
1662 4539 1869 4611 reemdiamqne

1077 4625 1195 4672 nostram
1211 4631 1313 4688 arguat,
1339 4621 1410 4692 quod
1425 4624 1559 4695 nnnapud
1571 4627 1629 4696 ejus
1655 4630 1867 4702 magistroserm
1933 4659 1940 4667 ¹

1076 4707 1217 4779 diligenter
1226 4711 1426 4782 irrrmthnmus,
1441 4715 1517 4785 euius
1536 4717 1703 4778 inveniendae
1717 4723 1795 4781 noble
1809 4741 1868 4783 nra-

1077 4813 1128 4868 qna
1143 4815 1206 4856 eura
1229 4802 1309 4867 inest,
1326 4805 1388 4873 quid
1415 4807 1581 4878 respondere
1604 4813 1757 4882 possimus?
1771 4815 1868 4873 lieter-

1078 4888 1130 4943 ruit
1143 4905 1186 4944 rna
1199 4891 1359 4947 rrrultitudol
1377 4893 1432 4951 Cur
1443 4897 1477 4952 ab
1488 4899 1577 4955 studio
1587 4903 1687 4960 artium
1704 4905 1867 4976 liberalium,

1077 4979 1120 5033 rix
1132 4979 1196 5034 lunie
1209 4983 1333 5050 presenti
1346 4985 1406 5040 rite
1422 4987 1521 5059 aliquid
1530 4994 1663 5050 eonrmodi
1676 4994 1866 5066 afferentium

1076 5082 1125 5122 em
1135 5068 1170 5124 ab
1184 5070 1339 5141 inquirenda
1353 5079 1483 5146 peeuxxia3
1498 5083 1588 5138 eurab
1603 5083 1705 5142 lionore
1714 5086 1866 5158 adipiseeu·

1076 5158 1132 5226 dn;
1154 5175 1203 5216 eur
1229 5163 1372 5235 deniqnea
1396 5173 1574 5240 comparanda
1590 5184 1618 5231 et
1645 5179 1783 5235 retinenda
1797 5181 1865 5237 luna

1077 5252 1234 5315 ualetudine,
1252 5266 1388 5323 postremo
1400 5275 1449 5317 eur
1458 5262 1492 5317 ab
1507 5264 1562 5336 ipsa
1579 5266 1666 5323 Matar
1688 5271 1748 5326 vitm
1763 5273 1862 5343 appeti·

1077 5345 1166 5410 tinne,
1181 5361 1240 5401 enm
1256 5347 1295 5401 iris
1311 5366 1403 5406 rrrrrnes
1425 5365 1596 5426 oerrrpentnr,
1620 5361 1694 5429 qrauei
1721 5363 1863 5434 exe-liant,

1076 5436 1147 5493 nulla
1160 5437 1285 5512 deterruit
1302 5443 1462 5499 rtrrrltitmlu?

1107 5636 1115 5667 ι
1132 5633 1182 5684 sota
1196 5634 1269 5687 eriltin
1289 5641 1478 5719 lovaniensium,
1499 5643 1522 5694 xi
1537 5646 1604 5708 nialla
1624 5655 1666 5699 ert.
1680 5651 1800 5705 tteruloee.
