3938 6360
125 297 174 354 tet

126 417 283 484 phetarum,
297 412 341 486 qui
355 423 507 482 nunquam,
521 409 589 465 sicut
599 407 649 463 iste
657 402 849 468 calumniatur,
865 400 919 455 ιιι·

125 509 162 562 sis
177 506 396 578 promissionibus
405 514 471 560 suus
482 500 590 572 decipit.
603 498 654 566 Qui
666 490 916 567 nosirreprehcnsi·

126 599 193 655 biles
202 614 261 655 esse
272 597 415 654 mandarit.
427 596 487 666 lpse
501 601 543 650 cst
554 593 625 648 enirn
637 599 665 644 ct
678 589 747 646 bens
767 587 914 676 Proplteta-

125 706 202 753 rrrm,
216 691 260 761 qui
279 702 431 759 nunquam,
449 685 520 740 sient
541 683 591 739 iste
614 681 780 745 criminatur,
803 693 835 735 se
858 679 916 749 ipsc

126 781 314 854 reprehendit,
328 796 377 836 nee
389 786 450 835 ehrn
469 779 539 834 sicut
553 775 687 831 bominem
699 772 843 843 quidquam
858 780 916 842 pm·

126 876 204 930 nituit
219 893 226 930 s
239 874 287 931 sed
312 889 401 929 rerrrm
416 872 565 927 suturarum
581 868 754 924 mutationem
768 906 775 928 ,
797 878 863 937 quas
886 877 916 919 se

126 975 289 1021 minaturum
301 964 424 1021 siueulla
435 963 475 1017 sui
492 960 637 1016 mutatione
648 959 836 1014 abaeternltate
845 970 915 1025 prae·

126 1058 221 1118 seivit,
236 1056 308 1112 veluit
327 1056 441 1111 humana
459 1052 612 1107 hominibus
625 1050 760 1105 locutione
781 1045 914 1118 predixit.

126 1149 175 1218 pot
187 1148 263 1203 nobis
274 1148 340 1203 iram
353 1146 399 1202 liei
412 1143 581 1201 metuendam
598 1150 626 1197 et
644 1142 670 1196 in
684 1138 829 1209 Evangelio
842 1152 916 1193 corn·

126 1238 271 1294 roterodauit.
289 1236 350 1306 lpse
361 1245 403 1292 est
423 1234 494 1290 enim
508 1242 536 1290 et
550 1232 741 1303 Pmphctarnm
766 1228 855 1294 Deris,
871 1227 917 1299 qni

128 1345 181 1384 uon
194 1329 235 1385 sui
254 1328 337 1384 animi
351 1325 593 1399 perturbationem,
609 1321 656 1377 sed
668 1321 767 1393 justam
781 1333 916 1376 seueram-

128 1436 180 1491 rpre
197 1420 340 1475 tirtdietam
353 1459 361 1485 ,
375 1417 423 1472 irae
437 1415 479 1472 rel
493 1413 680 1486 indignationis
695 1411 803 1466 nomine
816 1424 917 1463 naurico-

128 1511 209 1581 pnvit.
221 1509 272 1578 Qni
287 1510 400 1564 alterum
412 1506 446 1562 ab
456 1507 541 1562 altero
552 1519 604 1560 non
620 1512 762 1571 utcumque
782 1499 858 1566 hedi,
870 1498 917 1552 sed

127 1599 222 1670 injuria
246 1598 305 1653 hedi
323 1597 417 1653 noluit.
441 1595 499 1666 lpse
521 1604 563 1650 est
584 1594 655 1651 enirn
676 1601 703 1647 ct
724 1591 917 1661 Prophetarum

128 1692 208 1755 lteris,
222 1690 265 1761 qui
279 1689 392 1759 simper
406 1687 538 1754 homines,
550 1686 607 1742 sire
614 1701 662 1756 per
669 1684 786 1756 Angelos
795 1690 917 1748 sanctos,

126 1783 207 1837 ctiam
222 1782 412 1853 temporalibus
422 1794 564 1851 corporum
579 1778 721 1845 mortibus,
736 1793 804 1849 puros
816 1776 916 1844 uoluit,

126 1875 227 1929 utiliter
238 1882 284 1928 aut
296 1873 432 1938 multavit,
449 1877 495 1927 aut
508 1869 611 1926 terruit.
626 1869 678 1937 pot
694 1869 785 1925 docuit
799 1868 832 1924 ad
852 1883 917 1925 eon-

124 1963 313 2033 cupiserndum
329 1979 382 2018 ιιοι
396 1962 537 2018 ridendam
549 1976 609 2017 esse
624 1960 761 2015 rnrrlicreur
771 1958 878 2029 (llutth.
888 1973 916 2024 r,

126 2055 182 2120 ist.
198 2056 256 2125 tpze
269 2066 308 2109 est
324 2056 394 2111 enirn
413 2055 458 2121 nui
481 2062 508 2109 ct
524 2053 549 2107 in
566 2052 637 2121 Lego
651 2050 732 2110 dixit,
747 2049 809 2105 Non
824 2063 926 2104 coemit

126 2148 206 2216 pisces
219 2145 317 2218 (Ereti.
333 2161 380 2213 ιι,
395 2143 440 2217 17)
455 2164 461 2200 :
476 2159 542 2209 nec,
557 2144 624 2199 sicut
638 2143 688 2197 istc
700 2142 867 2205 criminatur,
878 2141 918 2196 in·

125 2235 195 2291 dixit
208 2245 331 2307 septenas
345 2235 457 2307 singuiis
471 2233 592 2306 nuptias,
606 2232 653 2287 sed
665 2231 828 2305 propagandi
839 2245 917 2286 mursa

125 2327 256 2382 cortnubia
267 2335 338 2382 casta
347 2326 476 2398 permisit.
484 2325 577 2381 Patres
583 2324 796 2381 autemilliarum
809 2315 919 2378 maritos

126 2433 179 2473 non
206 2419 291 2474 solnm
319 2419 376 2491 ipse
402 2433 455 2473 nen
480 2417 561 2484 lecit;
581 2417 764 2472 verumetiam
777 2416 916 2484 mederet,

125 2510 193 2564 sient
207 2509 257 2563 alia
271 2510 381 2574 incesta,
395 2508 537 2577 prohibuit.
551 2507 601 2576 Qui
615 2523 663 2563 nus
678 2507 823 2563 secundum
850 2506 919 2563 inte·

125 2601 223 2654 riorum
235 2600 434 2655 renotationem
446 2600 472 2654 in
483 2599 578 2670 spiritu
592 2599 708 2665 mentis,
723 2613 773 2655 nec
785 2598 917 2654 masenius

126 2691 151 2744 iu
167 2705 213 2754 sc,
227 2704 276 2745 nec
288 2687 401 2745 leoninas
415 2703 476 2745 esse
498 2689 604 2756 docuit;
618 2699 646 2744 et
664 2688 734 2744 sicut
752 2689 870 2760 Angelos
890 2688 917 2744 in

125 2791 254 2837 arternum
271 2796 362 2837 secum
376 2781 479 2838 iuturus
490 2795 550 2837 esse
571 2780 702 2852 promisit.
718 2781 778 2851 lpse
791 2787 834 2836 est
845 2779 916 2836 enim

125 2882 153 2927 ct
172 2872 365 2944 Prophetarum
381 2871 469 2940 licus,
495 2872 539 2943 qui
566 2871 713 2928 masculum
739 2880 768 2927 et
791 2869 917 2927 heminam

126 2962 288 3034 propagandi
299 2963 405 3034 generis
418 2977 497 3019 causa
509 2962 619 3035 nuptiali
627 2962 749 3019 castitate
762 2961 916 3033 cunjunxit;

125 3066 153 3111 et
164 3055 296 3126 secundas
309 3056 425 3127 nuptias,
436 3071 496 3126 ottae
510 3055 536 3110 in
546 3054 621 3111 Noto
633 3054 917 3127 queqrre'lestamento

127 3149 324 3217 perndttuntur,
341 3146 426 3204 licitas
440 3162 501 3203 esse
514 3146 681 3202 monstrarit.
704 3146 808 3206 Uxores
828 3156 918 3203 antem

125 3236 253 3303 fratrum,
266 3237 314 3293 sed
329 3237 388 3294 sine
401 3230 462 3293 bitis
475 3236 681 3305 defunctorum,
695 3237 728 3293 ad
751 3238 917 3294 oscitantiam

125 3327 244 3385 defuncti
255 3329 465 3401 ¹pusteritatcm,
481 3344 533 3384 nun
544 3328 673 3396 libidinis,
686 3327 733 3384 sed
745 3327 919 3399 pietatisalie·

126 3428 188 3483 ctu,
204 3418 230 3474 in
246 3418 443 3474 matrimonium
465 3419 515 3474 sibi
528 3421 655 3489 copulare
669 3433 747 3489 precer
757 3421 812 3489 pit:
827 3428 919 3491 patres

127 3521 192 3562 rere
207 3506 319 3563 luliarum
333 3508 464 3579 conjugiis
476 3507 584 3563 misceri
600 3508 919 3580 omnirtoproltibuit.Qui

128 3613 178 3654 nos
190 3613 271 3670 super
282 3613 363 3655 omne
373 3614 457 3671 penus
469 3607 621 3669 serpentum
632 3599 734 3655 calcare
747 3600 920 3670 spiritualiter

125 3689 214 3760 jussit.
234 3688 292 3762 lpse
312 3699 355 3747 est
367 3691 438 3746 enirn
452 3697 481 3746 et
495 3676 686 3761 Prophetarum
707 3690 795 3758 heus,
810 3691 853 3762 rpri
870 3707 918 3762 po·

129 3781 190 3850 pulo
204 3780 303 3836 iohdeli
317 3780 351 3835 ad
364 3779 537 3852 significanda
557 3789 676 3850 peecata,
689 3796 802 3851 ortorum
815 3795 919 3838 ueneno

129 3874 500 3941 iturisibilitermoriebantur,
521 3873 640 3929 risibiles
660 3884 800 3944 serpentes
822 3874 919 3945 quibus

127 3966 345 4028 aditionercntnr,
361 3965 487 4032 immisit;
499 3973 526 4021 et
541 3966 615 4037 plaga
624 3965 805 4021 emendatoria
820 3974 920 4022 sotertes

128 4055 287 4122 animarum,
303 4056 434 4113 mortibus
456 4071 598 4127 corporum
622 4055 755 4128 figurarit.
771 4056 821 4127 Qui
834 4056 918 4124 dixit,

130 4146 195 4201 Pate
215 4147 416 4219 eleemesynam·
440 4157 464 4202 rt
490 4148 642 4204 receerttrrie
656 4149 750 4202 necoda
773 4159 831 4215 runt
851 4148 921 4203 eobt'r

129 4234 203 4305 (broc.
221 4253 260 4301 ιι,
275 4237 330 4308 ιι).
350 4238 409 4308 lp=e
423 4247 464 4292 cst
487 4238 559 4294 enim
578 4248 606 4292 et
627 4238 818 4308 Prophetarum
833 4238 918 4304 bens,

128 4327 172 4395 apri
186 4326 246 4379 talia
260 4327 340 4380 etiam
356 4313 548 4395 Prophetarum
564 4328 786 4383 rore-mandarit.
801 4327 856 4384 Nec
869 4318 919 4385 sihi

129 4415 211 4469 uoluit
225 4415 416 4486 primogenitus
440 4415 578 4471 bominum
602 4418 670 4472 illios
696 4418 845 4485 immolari,
871 4419 919 4477 sed

128 4505 278 4561 conscerati
295 4505 468 4577 tsipnillcans
488 4508 722 4579 primogenituma
739 4510 867 4576 mortuis,
892 4510 919 4566 in

128 4615 181 4668 ιιι
195 4599 336 4668 oportebat
355 4613 474 4653 omnesa
489 4608 574 4655 morte
599 4609 724 4672 perpetua
738 4601 853 4659 libcrari.
869 4601 919 4670 Qud

128 4689 346 4759 ertrmtptihilihus
367 4687 434 4745 cibis
448 4690 662 4760 incorruptibiles
684 4692 845 4763 anteposuit.
861 4691 920 4763 tpso

127 4792 168 4837 est
182 4798 252 4843 earm
266 4792 293 4838 et
307 4780 499 4852 Propltrhtrunr
515 4782 601 4851 Deus,
616 4784 660 4853 quui
679 4784 809 4841 sacr-theta
824 4787 920 4857 quibus

128 4888 180 4927 urm
193 4872 320 4943 indiguit,
336 4871 369 4927 ad
384 4871 587 4944 sipoidrandum
602 4890 694 4929 neruum
709 4876 878 4941 sacrilieium,
892 4878 919 4935 in

127 4963 228 5017 umbris
239 4962 386 5018 litturoruni
399 4964 549 5034 praecedere
563 4965 660 5030 t·uluit;
676 4975 702 5021 et
716 4966 864 5038 discipliuae
875 4983 919 5025 sc·

126 5055 237 5111 veritate
256 5055 387 5112 mortibus
399 5070 557 5126 corpor-mn,
571 5056 648 5128 longe
670 5056 819 5115 tuitionibus
840 5075 918 5131 quam

127 5139 188 5199 stunt
209 5154 309 5201 aeterna
322 5146 448 5217 supplicia
460 5145 656 5217 gehennarum,
674 5158 823 5219 perpetrans
836 5150 919 5206 sacri·

129 5236 360 5304 topantouteartt.
373 5239 423 5306 Quoi
440 5245 560 5294 terreum·
570 5237 691 5309 diritius,
706 5256 759 5296 uren
781 5242 920 5299 sicut'iste

127 5326 191 5381 dicit
201 5369 208 5391 ,
220 5327 439 5400 darrurartjossit,
451 5331 497 5386 sed
508 5331 919 5407 spiritualescoelestesqrreptae·

130 5421 227 5491 posuit.
243 5420 302 5492 lpse
309 5430 352 5478 est
363 5423 434 5478 euim
446 5436 472 5480 et
487 5424 679 5494 Prophetarum
692 5426 780 5496 Deus,
796 5427 841 5500 qni
856 5427 919 5484 lacit
934 5448 937 5455 ¹

130 5521 156 5566 ct
169 5511 263 5567 diuites
275 5512 463 5584 benignissime
475 5515 628 5585 largiendo,
640 5524 668 5572 et
683 5523 813 5588 pauperes
825 5518 914 5590 justis·

130 5601 251 5661 strueret
264 5601 425 5671 normanno,
442 5605 648 5663 relaulercndo.
665 5606 716 5676 Qui
735 5624 784 5666 nos
798 5625 846 5682 pro
867 5609 916 5668 ini

161 5697 261 5754 prorae,
282 5693 414 5756 deputetis..

811 284 933 342 ,1,1111Ξ11
952 279 1140 345 SECUNDUS.

1705 298 1760 357 titt

969 400 1046 457 micis
1055 416 1133 458 orare
1144 403 1233 472 jussit.
1242 404 1301 476 lpse
1309 412 1350 461 est
1361 407 1432 464 enlm
1443 417 1471 464 ct
1479 407 1669 481 Prophetarum
1678 413 1759 484 oeus,

970 494 1013 563 qui
1025 495 1093 550 illius
1104 507 1241 564 parentum
1255 497 1377 554 manibus
1387 500 1518 556 immolari
1529 503 1578 558 sibi
1588 545 1596 569 ,
1608 515 1637 559 ut
1652 507 1760 563 lstccri·

969 586 1096 652 orinatur,
1111 602 1166 643 non
1181 588 1266 643 solum
1281 605 1414 660 nunqnam
1426 592 1518 659 uoluit,
1531 608 1623 650 verum
1636 596 1716 653 ctiam
1728 613 1762 654 ne

970 675 996 729 id
1008 676 1103 745 deret,
1117 678 1142 732 in
1157 678 1226 749 hope
1240 681 1386 736 constituit.
1403 680 1453 752 Qui
1467 683 1687 754 sineaeccptione
1699 703 1761 757 prr·

969 782 1094 823 sonarum
1111 768 1330 826 benefaciendum
1353 774 1477 828 omnibns
1491 773 1631 830 intimarit.
1648 775 1708 845 lpse
1719 786 1763 832 est

969 863 1080 919 enimet
1093 862 1285 933 Prophetarum
1301 864 1387 930 Deus,
1401 867 1445 936 nui
1466 863 1573 937 quando
1587 867 1646 923 sinc
1657 868 1763 925 disere·

970 954 1042 1010 tione
1054 953 1140 1010 mtatis
1152 961 1198 1009 aut
1211 971 1291 1011 sexus
1306 955 1390 1012 occidi
1404 957 1621 1028 hominesjmsit,
1631 958 1702 1015 unde
1712 960 1764 1016 scit

971 1047 1020 1102 iste
1033 1046 1074 1101 rel
1087 1046 1225 1117 quisquam
1241 1046 1306 1118 quid
1328 1048 1368 1104 eis
1382 1056 1442 1118 post
1456 1059 1570 1105 mortem
1590 1049 1667 1117 boum
1684 1064 1761 1107 cum·

969 1137 1282 1208 pensationisattribuit,
1296 1154 1410 1210 quornm
1426 1139 1556 1196 mortibus
1582 1142 1701 1197 virentes
1716 1149 1764 1197 aut

970 1227 1124 1283 emendarit
1135 1238 1181 1283 aot
1193 1228 1369 1297 terruitiQui
1382 1244 1431 1287 nos
1452 1246 1529 1302 mque
1548 1232 1638 1288 animo
1651 1232 1763 1301 injurius

970 1319 1101 1375 sustinere
1113 1328 1141 1375 ct
1154 1318 1254 1376 donare
1269 1320 1405 1391 praecepit.
1426 1319 1486 1391 lpse
1499 1330 1540 1376 est
1558 1321 1630 1376 euim
1646 1331 1672 1378 et
1694 1321 1762 1377 Pro-

970 1412 1110 1482 phetarum
1132 1412 1217 1479 Deris,
1237 1413 1402 1484 quinceium
1416 1429 1465 1485 pro
1485 1413 1579 1481 uento,
1593 1414 1699 1470 dentem
1713 1430 1762 1487 pro

969 1501 1067 1568 dente,
1083 1501 1190 1557 modum
1206 1502 1295 1574 posuit
1307 1517 1411 1573 poettae,
1433 1519 1467 1559 nc
1481 1504 1620 1575 quisquam
1634 1505 1683 1561 sibi
1702 1520 1760 1559 atn-

971 1594 1039 1663 plius
1054 1601 1157 1664 pnhmet
1168 1593 1261 1651 deberi
1273 1594 1415 1662 rindiotm,
1431 1612 1510 1667 qrraru
1525 1595 1678 1666 pertulisset
1692 1596 1762 1668 inju-

971 1684 1026 1738 riae.
1040 1683 1137 1739 ldt-hee
1149 1681 1228 1752 ideo,
1247 1685 1308 1756 quia
1331 1685 1370 1747 de
1385 1686 1515 1755 sapientia
1528 1686 1573 1740 llci
1586 1685 1685 1741 dietrrm
1700 1696 1760 1754 est,

970 1775 1045 1846 quod
1054 1775 1152 1847 Legem
1165 1787 1192 1832 ct
1214 1775 1423 1832 misericordiam
1447 1778 1473 1831 in
1486 1778 1573 1846 lingua
1588 1786 1683 1848 portet.
1707 1778 1762 1851 Nec

971 1880 1017 1935 per
1025 1865 1236 1922 miscricordiam
1246 1864 1335 1922 debita
1345 1865 1510 1923 debitoribus
1530 1867 1628 1923 nostris
1647 1869 1763 1924 scienter

970 1957 1184 2025 dimitteremus,
1196 1957 1245 2012 nisi
1259 1973 1307 2028 pcr
1317 1956 1414 2029 teporo
1431 1957 1486 2028 ipsa
1499 1957 1587 2013 dehita
1596 1957 1762 2015 discernere·
1806 1992 1809 1997 ·

970 2049 1056 2102 mus¹.
1070 2047 1120 2116 Qui
1133 2048 1159 2103 in
1173 2056 1245 2103 tanta
1259 2055 1389 2118 potestate
1404 2063 1432 2103 se
1446 2048 1588 2104 humilians
1602 2048 1635 2104 ad
1648 2064 1762 2106 cenrcr·

971 2137 1065 2194 tentos
1076 2141 1086 2170 ¹
1096 2154 1146 2194 ιιι
1159 2138 1244 2194 lactus
1256 2139 1348 2206 ltbtbu,
1357 2155 1416 2195 cum
1428 2139 1581 2196 hominibus
1591 2150 1633 2196 est
1646 2142 1760 2198 locutus.

971 2230 1029 2301 lpse
1042 2242 1083 2287 est
1093 2231 1165 2286 enlm
1179 2243 1206 2287 ct
1222 2232 1291 2287 [leus
1303 2230 1515 2303 Prophetarum,
1531 2233 1576 2304 quui
1596 2247 1656 2289 cum
1670 2220 1773 2304 primis¹

970 2321 1089 2392 patribus
1102 2328 1143 2377 cst
1157 2322 1280 2378 loeutus:
1295 2321 1356 2379 ideo
1372 2333 1468 2401 praeter
1486 2336 1516 2378 se
1529 2322 1621 2380 dicens
1634 2340 1687 2380 non
1701 2339 1762 2383 esso

969 2412 1051 2470 alium
1067 2415 1164 2481 licum,
1189 2415 1344 2485 quinetiam
1358 2429 1462 2470 summa
1479 2414 1615 2482 Trinitas,
1638 2408 1774 2472 manentu'

970 2520 1144 2576 personarum
1159 2504 1342 2562 discretione⁸
1357 2521 1425 2561 uuus
1436 2515 1478 2563 est
1494 2506 1572 2562 Deus.
1586 2507 1635 2574 Qui
1649 2508 1761 2579 aposto·

969 2599 1002 2654 lis
1016 2599 1072 2653 suis
1084 2598 1204 2669 etgratis
1215 2597 1311 2654 darent
1324 2613 1383 2669 quoae
1395 2599 1477 2669 gratis
1490 2584 1773 2670 acceperant,jnssit:'

969 2688 1003 2744 nd
1016 2689 1236 2744 sustentationem
1252 2697 1425 2745 tamensuam
1440 2704 1489 2746 nee
1502 2689 1581 2745 aliam
1597 2690 1712 2745 tunicam
1723 2706 1762 2747 se

969 2798 1029 2838 cum
1051 2780 1122 2838 lerre
1145 2781 1372 2848 ideoconstituit,
1400 2780 1462 2853 quia
1490 2790 1598 2838 secutus
1623 2770 1778 2854 adponant(

970 2871 1069 2944 Ilipam
1080 2880 1116 2926 est
1126 2871 1192 2926 mint
1201 2870 1620 2945 upoortrrmoceueruotttouh.
1631 2873 1685 2940 x,8
1699 2872 1760 2944 llil:

970 2962 1056 3035 utqui
1071 2961 1243 3033 Eratrpeiinm
1254 2960 1465 3029 annuntiabant,
1480 2977 1513 3018 ex
1533 2961 1677 3035 Evangelio
1689 2963 1776 3039 virc-¹

969 3061 1031 3109 rent
1042 3051 1063 3124 (Ι
1078 3048 1137 3106 Cor.
1149 3067 1186 3116 ιι,
1197 3050 1243 3125 ld)
1256 3050 1328 3107 :lieo
1339 3059 1429 3108 tanmn
1442 3051 1779 3127 muneruodereodorsse,

971 3142 1145 3206 monstrarit,
1162 3143 1207 3213 qui
1219 3141 1316 3197 nullius
1330 3141 1448 3214 indiget,
1462 3151 1490 3200 et
1502 3140 1762 3199 munera'sumemlo

971 3233 1030 3303 plus
1042 3231 1155 3288 conlert.
1169 3231 1229 3304 lpse
1242 3240 1284 3288 est
1297 3233 1368 3288 enim
1380 3240 1408 3289 et
1418 3231 1611 3304 Prophetarum
1626 3232 1705 3302 Dens,
1715 3232 1765 3304 rpd

970 3331 997 3379 et
1017 3316 1347 3395 munora'snosacctpere
1367 3331 1457 3390 rotat,
1477 3322 1574 3395 quibus
1594 3333 1763 3380 exsecantur

970 3414 1039 3470 oculi
1049 3415 1239 3485 judicantium:
1249 3424 1276 3472 et
1286 3431 1396 3472 munera
1409 3415 1663 3490 ipse,quamuisnen
1673 3428 1762 3493 epo-pt,
1775 3486 1780 3494 ¹

970 3507 1080 3578 accipit.
1089 3515 1119 3564 ut
1128 3508 1224 3578 pietate
1237 3507 1461 3581 iaciatepulentas
1471 3508 1574 3565 animas
1580 3508 1760 3567 oliercntium.

971 3597 1021 3666 Qui
1044 3599 1162 3656 sabbatis
1187 3598 1322 3656 bominem
1336 3602 1455 3670 curarit,
1471 3600 1616 3658 osteudens
1631 3604 1686 3673 jum
1700 3617 1761 3659 esse

971 3698 1130 3760 tenipus,ut
1143 3689 1288 3747 secundum
1304 3691 1469 3764 prophetiam
1482 3690 1584 3749 Cantici
1596 3693 1760 3749 canticorum
1776 3674 1781 3685 ¹

970 3782 1102 3855 aspiraret
1113 3782 1186 3849 dies,
1195 3791 1222 3839 et
1231 3793 1435 3841 removerentur
1448 3785 1549 3841 umbrae
1565 3781 1649 3857 (Curet.
1664 3801 1694 3851 rr,
1706 3784 1760 3857 17).

971 3874 1031 3946 lpse
1044 3885 1086 3932 est
1097 3877 1168 3933 enirn
1189 3884 1216 3933 ct
1230 3877 1422 3949 Prophetarum
1448 3877 1533 3944 Deus,
1558 3877 1604 3949 qui
1626 3877 1765 3935 hominem

971 3966 1041 4038 lippa
1052 3968 1169 4024 sabbatis
1181 3969 1359 4038 colligentem,
1371 3969 1431 4040 quoia
1443 3969 1560 4024 neudum
1573 3968 1685 4026 duorum
1693 3968 1703 4000 ⁸
1712 3968 1763 4029 Te·

971 4066 1163 4115 strmeutorum
1180 4069 1298 4129 tempora
1314 4059 1502 4129 distinguebat,
1517 4056 1564 4114 scd
1584 4057 1689 4130 Legem.
1713 4059 1764 4116 het

972 4151 1120 4206 contumaci
1134 4159 1161 4206 ct
1175 4150 1254 4222 ineptia
1266 4159 1354 4207 tuente
1366 4159 1579 4221 corrtempserat,
1591 4150 1760 4221 lapidandum

971 4255 1032 4296 csse
1045 4241 1197 4308 mandarit;
1212 4243 1324 4313 ejusque
1341 4243 1472 4313 corporali
1486 4251 1572 4299 morte
1595 4258 1686 4313 uquam
1703 4253 1764 4314 pust

973 4333 1107 4403 paululum
1132 4333 1204 4389 utnui
1239 4333 1340 4388 homird
1361 4335 1421 4405 quis
1445 4333 1547 4390 dubitet
1571 4332 1765 4411 adl'uturaml)¹

972 4424 1060 4480 sanxit
1073 4423 1168 4481 timore
1182 4414 1360 4481 obedientiarii
1383 4427 1487 4480 caeteris
1511 4423 1687 4496 profuturam.
1712 4418 1782 4493 Qui'

972 4525 1081 4586 propter
1092 4515 1235 4571 suh-anuos
1256 4515 1378 4572 homines
1396 4531 1426 4571 se
1440 4515 1543 4571 renuisse
1558 4516 1633 4572 dixit.
1652 4515 1710 4589 lpse
1724 4526 1767 4577 cst

972 4612 1043 4666 enirn
1058 4620 1084 4666 ct
1098 4610 1291 4684 Prophetarum
1315 4608 1401 4677 heus,
1422 4609 1467 4681 qui
1488 4609 1562 4678 juste
1578 4609 1679 4680 judicie
1697 4626 1766 4680 tpuos

972 4704 1028 4758 tnlt
1037 4703 1151 4760 obduret
1165 4702 1254 4759 :sicut
1267 4703 1292 4758 in
1307 4701 1450 4774 Evangelio
1458 4702 1479 4768 ⁸,
1498 4701 1570 4757 Venit
1581 4703 1608 4757 in
1618 4703 1765 4776 p'tttit‘ct'unr.

973 4811 1026 4852 non
1038 4796 1125 4852 sulum
1138 4804 1165 4850 ut
1177 4796 1220 4864 qui
1242 4811 1293 4850 ιιοιι
1303 4794 1397 4863 rideret,
1408 4794 1526 4861 videnum
1537 4793 1584 4851 sed
1597 4795 1677 4853 ctiam
1687 4804 1713 4850 ut
1723 4813 1766 4869 pru

973 4889 1068 4957 uident,
1090 4888 1228 4960 reciperit
1242 4886 1331 4963 (donar.
1346 4903 1386 4952 ιι,
1400 4885 1456 4960 59).
1485 4886 1543 4956 Qut.
1558 4887 1681 4945 mandata
1705 4891 1767 4944 ritae
1833 4880 1838 4890 ’

971 4989 1108 5052 perpetum
1118 4980 1195 5037 nobis
1216 4980 1298 5038 dedit.
1312 4979 1372 5052 lpse
1383 4990 1423 5037 est
1436 4980 1507 5036 enim
1520 4992 1546 5037 et
1570 4980 1764 5051 Prophetarum
1779 5015 1783 5023 ,

974 5076 1060 5139 Dreros,
1072 5074 1117 5140 oui
1131 5072 1253 5131 nraudnta
1268 5083 1359 5129 sancta
1374 5083 1401 5130 et
1412 5074 1482 5145 justa
1497 5085 1527 5129 ct
1540 5074 1609 5130 hom
1618 5115 1632 5142 ,.
1641 5075 1775 5146 superbis

974 5177 1076 5233 maren,
1092 5182 1146 5223 uon
1159 5166 1194 5222 de
1206 5167 1289 5239 ipsius
1303 5166 1397 5238 pratia,
1408 5167 1455 5223 sed
1467 5167 1502 5224 de
1514 5184 1561 5223 sur
1571 5168 1667 5224 uirtute
1682 5168 1767 5223 luden-

973 5260 1059 5326 tibus,
1075 5276 1128 5315 non
1141 5261 1236 5332 quilius
1249 5263 1386 5329 virerent,
1400 5260 1447 5317 scd
1468 5260 1565 5333 qsibus
1580 5271 1767 5328 rrtrtrerentur,

1004 5397 1012 5428 ¹
1027 5394 1179 5446 nitrosum·-
1194 5394 1349 5446 ‹tt-ceroma.

1003 5459 1014 5490 ⁸
1025 5454 1049 5507 lu
1058 5471 1066 5530 p
1074 5458 1263 5507 remotioribus
1283 5464 1345 5517 tiss..
1358 5456 1534 5529 cooperiendos.

1004 5519 1049 5568 ⁸tn
1058 5518 1143 5568 rislum
1154 5526 1219 5578 tiss,
1226 5529 1382 5582 permaturtnn
1394 5524 1546 5584 proprietate.
1596 5570 1598 5575 ,

1003 5579 1285 5644 ‘olhpuotprohtenotae
1295 5579 1599 5648 ttss,rteapeiudaerum.
1619 5638 1624 5649 ι
1669 5632 1673 5639 ,
1707 5638 1711 5648 ,

1003 5642 1125 5693 ‘siettss
1145 5649 1173 5693 ιι
1183 5641 1249 5700 editi,
1261 5640 1311 5705 otei.
1328 5641 1390 5694 sicut
1412 5645 1436 5692 tn
1455 5637 1581 5705 raonem
1598 5644 1644 5700 ort,
1660 5645 1720 5690 mmt
1743 5639 1766 5691 ia

973 5702 1098 5767 nurndamt,
1111 5703 1253 5765 masolam,
1265 5710 1314 5755 ete.
