3938 6360
231 335 352 406 eirrsdem
364 332 486 389 mcullcii
502 327 829 393 memoriam-celebrant,
851 326 1020 379 sacrosancta

233 427 366 485 oblatione
379 432 407 481 et
418 423 619 496 participatione
629 420 748 490 corporis
759 428 786 473 et
798 415 934 487 sanguinis
944 413 1025 468 Cbri·

233 512 277 573 sti.
293 514 429 571 bianicbui
444 527 506 568 aero
520 511 670 566 nescientes
684 507 746 579 qnid
758 505 938 563 damnandnm
948 503 983 558 rit
995 502 1020 555 ia

234 603 371 660 saerilieiis
382 602 498 672 gentinm
511 642 519 668 ‚
533 608 562 655 et
580 598 642 670 quid
658 595 856 667 intelligendum
876 593 902 648 in
920 590 1023 647 saerill-

234 695 283 749 ciis
294 693 465 748 liebrreornm
477 732 485 755 ,
499 702 525 746 ct
538 690 601 761 quid
614 689 756 744 tenendum
770 686 812 743 vel
826 682 1021 741 observandum

237 783 264 837 in
277 781 408 836 saerilloio
420 779 650 844 Christianorum
670 779 811 831 vanitatem
829 790 904 830 suam
919 787 1025 827 merum

238 874 354 929 olienrm
367 873 491 939 diabolo,
504 873 548 943 qui
563 886 611 928 eos
625 857 746 939 decepit,
761 867 916 924 recedentes
931 881 947 921 a
963 864 1025 929 lide,

205 1001 211 1012 ,
238 963 406 1019 intendentes
420 962 555 1031 spiritibus
568 960 769 1024 seductoribus,
789 966 817 1014 et
830 956 958 1014 doctrinis
971 954 1027 1009 dae·

236 1053 384 1108 monimum
400 1053 425 1106 iu
440 1051 572 1122 laypetcrisi
586 1049 859 1118 mendaciloquorum.

272 1141 385 1199 caebl
398 1142 469 1198 xlx.
482 1172 519 1184 -
530 1142 620 1197 Discat
641 1156 705 1212 ergo
726 1140 857 1202 Faustus,
880 1138 922 1194 vel
938 1136 1027 1206 potins

237 1231 274 1286 illi
288 1232 333 1311 qni
349 1232 406 1300 ajars
428 1233 523 1286 litteris
541 1231 725 1293 delectantur,
741 1229 905 1284 ntonarcbire
920 1227 1030 1297 opiniu-¹

240 1337 300 1385 pram
324 1337 376 1376 raon
397 1337 429 1376 cr
452 1322 581 1377 Gerrtibns
604 1337 652 1375 nos
671 1320 788 1384 babere;
804 1320 851 1374 sed
862 1319 961 1374 Gentes
974 1333 1030 1372 non

240 1427 323 1482 usque
333 1412 400 1467 adeo
409 1412 441 1466 ud
453 1413 533 1467 balsos
544 1412 609 1466 deos
621 1426 683 1467 esse
693 1411 827 1479 delapsas,
839 1417 867 1462 ut
876 1409 1027 1477 opinionem

240 1501 394 1555 amitterent
407 1501 484 1555 unius
497 1501 551 1555 reri
568 1500 634 1565 Dei,
649 1514 682 1553 ex
698 1513 751 1569 quo
770 1507 811 1553 est
822 1497 910 1552 omnis
928 1495 1029 1567 qualis-

240 1605 355 1661 cumque
370 1601 474 1646 nanno.
494 1591 633 1661 Sapientes
645 1590 716 1644 enim
730 1603 822 1644 eorum
843 1588 942 1658 (qnia,
961 1587 1031 1641 sicut

240 1679 306 1735 dicit
318 1681 471 1750 spostolus,
487 1679 627 1734 Invisibilia
641 1678 688 1733 Dei
696 1720 704 1744 ,
717 1694 733 1730 a
745 1677 920 1732 constitutione
930 1676 1029 1743 usuardi,

190 1790 192 1794 ·
242 1789 289 1842 per
302 1787 331 1825 ea
344 1787 401 1842 paro
414 1776 482 1843 facta
491 1781 566 1835 aaut,
580 1771 705 1824 intellecta
719 1766 1029 1839 conspicianturpsampi·

242 1871 314 1917 torua
326 1878 424 1932 quantu
438 1865 515 1917 oirlns
529 1864 583 1933 ep'as
594 1878 625 1916 ac
639 1862 777 1926 diviuitas,
792 1870 820 1913 ut
833 1860 882 1914 sira
898 1861 1031 1914 inexcusa-

242 1950 324 2024 biles)
349 1962 525 2024 ropuoscsntea
549 1952 647 2016 Druna,
669 1968 720 2006 nou
742 1952 804 2006 deal
824 1949 907 2005 Deam
928 1950 1031 2004 bonori-

243 2044 400 2112 ficaeerrrut,
429 2053 472 2098 aut
494 2045 590 2113 gratias
612 2051 733 2114 eperunt,·
754 2041 798 2096 aad
826 2050 978 2094 monuerant
1004 2041 1031 2094 ia

215 2147 217 2151 ’
244 2135 436 2204 capitationibus
449 2135 519 2199 arria,
531 2143 554 2188 et
567 2133 725 2188 obscuratam
740 2141 775 2185 est
789 2130 909 2201 insipieus
928 2144 970 2183 cor
985 2145 1030 2184 eo-

243 2240 299 2277 snru
312 2240 322 2277 .·
335 2224 443 2278 direntes
462 2225 527 2279 aaut
545 2240 572 2278 se
585 2240 638 2278 esse
651 2223 775 2293 supienter
786 2263 794 2286 ,
807 2219 878 2275 stulti
891 2221 951 2291 sacti
961 2227 1030 2286 ιιιιιι,

243 2325 266 2368 el
276 2317 468 2369 inrrtrrrtaoeraul
482 2316 589 2386 pluriam
606 2311 804 2382 incorruptibilis
818 2310 864 2364 our·
876 2310 902 2364 in
912 2309 1031 2365 astitua-

244 2405 326 2458 diuem
348 2405 464 2475 irrroqinis
483 2403 652 2474 corrupt.'bilis
667 2403 794 2468 bortrinis,
810 2411 833 2456 ct
845 2401 974 2456 uolnerum
986 2439 994 2464 ,
1008 2408 1032 2451 et
1055 2424 1060 2433 ·

245 2493 458 2569 quadrupedium,
469 2503 492 2547 el
504 2491 730 2563 superstitionibus
739 2501 798 2545 strnl
809 2491 879 2545 enim
891 2489 1031 2542 simulacra

242 2580 376 2644 Gentium,
393 2583 418 2636 in
430 2584 524 2652 quibus
535 2583 741 2653 interpretandis
750 2597 800 2636 rton
814 2580 1029 2644 lubemcslrum,

243 2671 293 2725 nisi
320 2671 354 2727 ati
374 2681 523 2727 creaturam
536 2689 614 2741 spiram
635 2670 753 2726 condidit
775 2671 860 2733 Detts;
877 2680 904 2724 nt
928 2671 953 2722 in
976 2669 1031 2737 ipsa

242 2762 577 2832 quoqne·interpretatione
588 2761 801 2824 siritulacrorum,
814 2759 847 2813 dc
859 2774 911 2829 qna
921 2772 950 2813 se
963 2757 1033 2826 peri-

243 2851 325 2906 tiores
335 2866 427 2906 eorum
437 2852 537 2920 jactare
553 2861 632 2921 atique
648 2851 741 2905 iullarc
755 2857 960 2911 eottsuesemnt,
982 2846 1033 2902 boc

243 2942 269 2997 iu
281 2943 321 2996 eis
334 2945 377 2996 llal
391 2944 462 3013 qnod
477 2945 554 3012 pardo
569 2953 626 3011 pist
640 2942 710 2996 idem
723 2943 860 3011 apostotus
879 2941 943 2996 dieil
960 2959 966 2994 ι
981 2939 1033 2994 Go-

243 3033 343 3086 ltteruut
353 3042 376 3086 ot
389 3034 524 3087 seroieruot
539 3043 659 3087 crerrlrrrre
672 3033 755 3103 potius
769 3049 844 3102 queam
856 3030 979 3096 Creatori,
990 3032 1033 3087 atri

243 3136 278 3180 rat
291 3124 432 3180 benedictus
442 3127 467 3179 in
479 3126 573 3180 sn’ralu
586 3125 672 3196 (liorm
684 3140 702 3188 ι,
717 3124 826 3190 2025).
841 3123 896 3179 Vns
909 3132 996 3177 antem
1006 3130 1034 3177 at

246 3214 272 3268 in
287 3214 402 3283 eoquod
417 3215 456 3269 eis
479 3214 623 3269 dissimiles
643 3215 718 3274 estis,
735 3214 888 3274 carricatis:
908 3222 936 3269 et
956 3215 983 3267 in
1000 3229 1033 3268 co

243 3305 313 3375 qnod
329 3307 367 3360 eis
385 3306 485 3361 similes
497 3308 573 3368 estis,
590 3306 694 3375 pejores
707 3307 773 3361 estis
786 3307 806 3360 ¹.
829 3306 869 3360 lid
891 3306 941 3360 bue
960 3306 1032 3360 etaim

243 3411 297 3453 non
309 3411 369 3451 curn
392 3396 455 3466 ipsis
470 3398 578 3452 creabilis
594 3397 784 3461 artortarreiriatn,
796 3397 867 3468 qnod
888 3397 924 3451 itti
939 3413 1032 3453 terum

242 3484 366 3545 creduut,
380 3495 409 3539 ut
423 3486 504 3553 ipsius
516 3488 593 3540 tardus·
611 3486 657 3540 liei
680 3486 855 3541 substantiam
868 3486 1033 3554 expugnabi-

244 3574 296 3629 lem
314 3578 567 3647 corruptibilemque
580 3578 695 3632 credatis
706 3595 713 3636 :
726 3577 798 3647 quud
821 3585 862 3630 est
885 3577 972 3645 irupiae
984 3593 1032 3629 ra-

244 3667 335 3722 nitatis
349 3686 355 3721 ι
368 3669 393 3722 iu
408 3667 529 3737 pluribus
541 3679 629 3721 aretem
650 3668 702 3723 diis
714 3668 834 3723 colendis
847 3666 966 3720 doctrina
979 3667 1035 3721 dre·

244 3758 393 3812 moniomm
421 3758 683 3826 merulaeiloquormu
716 3758 767 3812 illis
796 3757 927 3826 persuasit
952 3758 1034 3812 nudta

244 3848 325 3912 idola,
340 3850 414 3904 volita
425 3851 508 3906 multa
520 3850 714 3919 phantasmata.

279 3937 391 3994 ctt‘lll
408 3939 468 3993 xx.
482 3969 517 3980 ·-
529 3939 583 3994 Nec
597 3939 726 3994 sacrillcia
747 3954 839 3994 eorum
859 3947 987 3994 vertimus
1006 3939 1033 3994 in

243 4044 341 4100 agapes
357 4047 364 4084 ι
377 4030 423 4085 sed
437 4031 596 4085 sacrilicinm
606 4029 669 4084 illud
680 4028 751 4100 quod
763 4030 909 4099 paniosate
921 4044 1035 4084 comme-

244 4125 352 4197 morari
367 4125 556 4189 intelleximus,
571 4125 676 4178 dicente
693 4124 816 4185 ῠοιιιὶιιο,
832 4122 1034 4178 Misericordiam

223 4214 299 4275 ·solo
311 4233 385 4286 quarm
406 4217 569 4283 sacufiriruu.
585 4217 689 4285 agapes
707 4215 778 4271 crriru
794 4225 891 4269 nostre
905 4228 1034 4284 palmares

244 4307 436 4375 possumusne
460 4305 588 4376 largitura.
601 4306 657 4360 siue
670 4305 804 4360 carnibus.
823 4305 943 4360 Pascitur
961 4304 1033 4360 enim

243 4409 365 4454 ereatura
382 4397 425 4452 liei
440 4396 473 4450 de
488 4407 608 4453 ereatura
635 4397 692 4462 ilci,
708 4412 767 4466 qum
782 4395 906 4451 immanis
921 4394 1034 4465 dapibus

244 4501 360 4555 congrua
382 4470 432 4540 est.
450 4487 531 4541 ilulds
551 4495 640 4541 aretem
661 4488 722 4557 qnia
744 4486 875 4541 daemonia
897 4483 1034 4541 mendaci-

245 4576 322 4646 iaqna
339 4586 536 4644 persuaserunt,
549 4594 600 4632 ιιιιιι
614 4579 646 4632 ad
659 4578 801 4648 regendam
810 4593 928 4643 earnem,
943 4576 991 4632 scd
1001 4577 1034 4631 ad

244 4664 420 4720 exercendam
434 4665 636 4734 blasphemiam,
648 4667 770 4723 abstinere
785 4686 800 4721 a
814 4667 1034 4739 citramontana

245 4754 336 4808 meuoit
348 4754 382 4806 ud
395 4755 591 4824 percipiendam
603 4773 660 4810 ctrnr
681 4759 821 4827 gratiaram
834 4758 931 4812 actione
950 4754 1035 4826 fideli·

244 4844 301 4909 bas,
316 4855 340 4897 et
354 4845 393 4897 leis
407 4845 451 4913 qui
471 4855 637 4915 coprtooeruut
659 4848 802 4911 caritatem·
814 4849 933 4920 proauiam
953 4847 1035 4901 earam

244 4943 363 4989 creatura
375 4933 424 4988 lter·
436 4934 501 4989 bona
514 4943 560 5000 est,
576 4945 600 4989 et
614 4936 678 4989 nibil
694 4935 872 5006 abjiciendam,
896 4935 965 5007 quod
977 4951 1034 4990 cum

245 5024 386 5094 prasiorum
400 5025 498 5079 actione
515 5025 653 5097 percipitur
667 5024 692 5095 (1
706 5023 773 5078 Tim.
788 5040 827 5091 ra,
840 5025 924 5096 ast:
939 5026 1034 5096 ingrati

244 5111 376 5178 Creatori,
390 5123 418 5169 et
428 5130 476 5185 pro
488 5115 567 5185 largis
581 5116 639 5186 ajars
653 5114 788 5170 maleficiis
798 5117 939 5187 sacrilegas
953 5117 1035 5172 retr-i·

245 5202 357 5263 brrerttes
379 5206 500 5276 iujurias,
520 5209 646 5279 quoniam
674 5209 832 5280 pleramque
856 5208 884 5264 iu
906 5209 1034 5278 agapibus

244 5297 324 5352 etiam
348 5311 444 5353 carnos
470 5300 627 5369 propioribus
650 5307 803 5370 erogaretur,
827 5299 1034 5356 nriseriuordiam

276 5471 285 5504 ¹
303 5470 398 5522 scaro
409 5478 446 5522 m.
459 5478 486 5523 et
494 5471 586 5536 alapam
595 5480 647 5523 tiss
661 5479 688 5522 ιι
698 5479 763 5529 roa,
775 5479 799 5522 er
814 5467 1034 5537 meoquodeissr'·

244 5529 468 5661 &cuffiam
486 5532 543 5586 esdr
550 5547 559 5596 ;
570 5540 593 5586 rt
614 5533 640 5587 iu
650 5533 749 5615 eoquod
759 5532 794 5592 cis
809 5531 899 5591 similas
910 5545 956 5584 nort
968 5530 1035 5596 cais,

644 190 778 274 coartat
795 207 956 268 labsltttt
973 201 1197 269 bnatattltibtl,
1215 202 1246 263 S·
1267 203 1448 262 tbdbsttttt

1075 316 1285 373 tilrristiauorum
1300 320 1411 375 similem
1424 321 1511 379 dicitis
1529 327 1666 385 ueritatis
1679 328 1867 405 lagenorum,

1076 420 1187 475 quomm
1207 408 1341 463 nonnullis
1355 409 1382 464 in
1404 410 1574 484 bocqnoque
1595 418 1696 474 similes
1709 421 1784 477 estis.
1797 423 1870 480 Pro·

1077 505 1166 566 pterea
1180 498 1251 552 enim
1271 497 1346 554 uelata
1358 499 1462 563 babetis
1477 518 1571 572 pecora
1584 506 1681 577 occidi,
1695 510 1758 580 quia
1772 511 1870 569 burana-

1077 602 1125 642 naa
1144 588 1246 642 arrinms
1267 589 1295 644 in
1315 605 1346 646 ea
1367 594 1469 649 meatui
1480 595 1656 664 arbitramini,
1670 603 1740 672 quod
1753 592 1782 659 ¹ia
1797 621 1870 676 quo-

1077 679 1197 733 rumdam
1212 680 1348 749 geutiliom
1369 683 1587 754 pbilosophorum
1610 689 1686 745 libris
1708 692 1868 752 invenitur:

1077 784 1226 839 quanquam
1239 786 1254 825 a
1277 772 1470 840 posterioribus
1481 777 1559 832 aliter
1572 778 1735 836 intellectum
1748 799 1810 841 csse
1828 787 1872 842 di·

1077 867 1162 913 catur.
1174 859 1271 942 Verum
1292 860 1318 916 in
1342 861 1394 918 hoe
1412 865 1492 920 etiam
1514 868 1598 922 multo
1614 868 1732 927 deterius
1750 877 1871 932 erratis:

1079 947 1197 1003 illienim
1223 951 1249 1004 iu
1263 965 1360 1021 pecore
1386 954 1532 1012 timuerunt
1558 960 1691 1016 trucidare
1715 965 1870 1037 proximum

1079 1053 1172 1105 suum;
1184 1055 1231 1094 vus
1243 1052 1330 1096 arimin
1346 1042 1425 1098 deum
1438 1056 1574 1114 restrium,
1588 1049 1665 1121 cujus
1678 1054 1797 1111 merubra
1807 1070 1871 1113 essa

1078 1129 1157 1184 etiam
1171 1145 1295 1198 pecorum
1305 1134 1407 1188 animas
1417 1136 1591 1194 arbitramini.
1750 1142 1753 1147 ”

1114 1219 1226 1289 CAPUT
1240 1220 1310 1276 xxi.
1323 1223 1438 1280 —Nam
1452 1228 1522 1296 quad
1541 1230 1621 1285 etiam
1643 1231 1706 1289 ltine
1723 1235 1801 1291 nobb
1821 1252 1870 1293 os·

1080 1307 1223 1364 luuruiatur
1235 1309 1361 1377 Faustus,
1377 1314 1447 1386 qrtod
1461 1327 1607 1390 martyrum
1628 1325 1770 1381 memorias
1785 1325 1871 1382 bono-

1080 1413 1180 1463 rarnus,
1196 1402 1221 1454 in
1235 1403 1285 1456 boc
1298 1403 1390 1462 diceus
1404 1421 1454 1462 tros
1468 1407 1537 1464 idola
1551 1414 1731 1483 convertisse,
1746 1431 1799 1472 non
1815 1429 1870 1475 tam

1081 1504 1124 1543 nte
1137 1499 1240 1557 movet,
1261 1502 1289 1546 ut
1303 1493 1365 1550 baie
1385 1497 1524 1554 calumnias
1538 1503 1714 1571 respondeam
1725 1545 1733 1572 ,
1746 1523 1827 1576 quam
1842 1517 1872 1565 nt

1080 1579 1167 1648 ipsum
1183 1580 1308 1637 Faustum
1323 1586 1462 1640 ostendam
1484 1591 1572 1646 studio
1592 1593 1770 1651 calumniandi
1788 1600 1871 1656 etiam

1081 1669 1115 1723 ab
1129 1669 1211 1741 ipsius
1221 1671 1357 1728 llarriclnei
1369 1676 1528 1733 sanitatibus
1541 1680 1691 1737 exorbitare
1704 1684 1830 1754 voluisse,
1844 1698 1873 1744 et

1082 1757 1109 1812 in
1126 1760 1260 1830 vulgarem
1274 1771 1354 1833 alque
1372 1767 1501 1833 posticam
1517 1769 1683 1841 Pagnrrorutn
1697 1775 1870 1847 opinionem,

1081 1864 1097 1904 a
1116 1851 1213 1921 quibus
1226 1868 1255 1908 se
1270 1854 1461 1912 alienissimum
1481 1862 1554 1929 cupit
1573 1862 1675 1930 videri,
1696 1868 1787 1922 neseio
1805 1882 1874 1938 qao·

1082 1945 1162 2000 modo
1175 1945 1309 2001 insanitum
1320 1948 1454 2004 incidisse.
1466 1950 1533 2007 Cum
1544 1955 1615 2008 euim
1627 1956 1738 2014 dixisset
1749 1974 1799 2014 nos
1812 1977 1874 2016 ner-

1082 2036 1147 2091 tisse
1160 2037 1230 2094 idola
1243 2040 1268 2093 in
1292 2049 1439 2113 martyres,
1453 2060 1516 2113 quos
1528 2048 1607 2111 sotis,
1629 2048 1728 2119 inquit,
1748 2052 1873 2109 dudlibas

1082 2126 1179 2194 colitis,
1204 2124 1380 2200 defunctorum
1399 2133 1500 2188 anrbrns
1517 2137 1574 2189 uiuo
1587 2136 1694 2207 placatis
1707 2150 1731 2193 at
1744 2141 1874 2211 dapibus:

1083 2228 1145 2274 sarrit
1158 2236 1222 2290 ergo
1237 2221 1337 2278 umbra
1349 2224 1553 2282 delunetommi
1570 2228 1773 2300 Nunquam'lmo
1786 2233 1811 2287 io
1827 2249 1874 2290 va-

1083 2311 1146 2365 stris
1165 2313 1334 2368 sermonibus
1353 2315 1513 2382 audivimus,
1535 2334 1669 2389 nurtquam
1684 2321 1710 2375 in
1725 2321 1821 2378 litteris
1835 2323 1875 2379 le·

1083 2402 1187 2470 girnns:
1205 2404 1259 2458 imo
1273 2405 1456 2461 contradicere
1468 2405 1560 2464 soletis
1575 2409 1672 2464 talibus
1685 2411 1872 2480 opinionibus,

1082 2502 1233 2553 asserentes
1246 2494 1349 2549 animas
1363 2503 1527 2551 nmrtuorum
1545 2498 1628 2552 malas
1643 2499 1764 2555 minusue
1782 2517 1875 2573 pnrga-

1085 2594 1124 2640 tas
1138 2588 1158 2650 ¹,
1173 2596 1218 2641 aut
1232 2587 1258 2641 iu
1274 2588 1453 2642 resolutiones
1468 2589 1516 2654 ire,
1530 2599 1576 2645 sut
1587 2591 1612 2645 in
1625 2591 1761 2661 gratiores
1772 2593 1875 2664 aliquas

1084 2694 1193 2749 pennam
1210 2681 1293 2735 borlas
1305 2689 1393 2735 autem
1406 2683 1531 2737 lunares
1544 2682 1654 2752 imponi,
1665 2693 1692 2739 et
1705 2683 1731 2738 in
1746 2684 1816 2740 cmlo
1827 2699 1876 2739 na·

1085 2770 1203 2840 rigantes
1217 2771 1329 2824 transire
1344 2770 1407 2825 binc
1425 2771 1451 2826 in
1474 2771 1538 2827 illud
1562 2772 1717 2842 phantasma
1735 2786 1813 2829 terras
1833 2775 1876 2830 lu-

1085 2861 1180 2925 minis,
1197 2876 1244 2930 pro
1262 2876 1312 2930 qua
1327 2860 1468 2931 pugnando
1483 2862 1635 2931 perierant:
1656 2862 1691 2917 ita
1712 2863 1799 2918 nullas
1817 2865 1876 2919 ani·

1085 2965 1143 3005 mos
1156 2950 1225 3004 circa
1241 2964 1350 3004 suorum
1363 2965 1505 3020 corporum
1520 2951 1641 3023 sepulcra
1651 2951 1765 3009 detineri
1780 2971 1787 3007 :
1803 2954 1874 3011 uude

1085 3040 1164 3111 igitar
1177 3041 1278 3096 umbrae
1292 3039 1495 3095 deiunctomm?
1515 3057 1575 3111 qum
1596 3042 1744 3098 substantie
1764 3045 1877 3099 earum?

1084 3133 1129 3202 qui
1144 3133 1238 3188 loeus?
1259 3132 1310 3188 Sed
1330 3133 1505 3188 maledicendi
1523 3134 1666 3203 cupiditate
1685 3133 1799 3191 Faustus
1811 3136 1874 3206 quid

1085 3225 1265 3296 probreretnr,
1282 3224 1381 3280 oblitus
1394 3235 1435 3280 cst
1448 3244 1454 3280 :
1469 3236 1515 3296 aut
1525 3225 1594 3282 lorte
1605 3225 1753 3282 dormitans
1765 3228 1876 3284 umbras

1085 3315 1244 3369 sontniando
1257 3314 1382 3382 dictavit3
1398 3331 1457 3380 nee,
1471 3332 1531 3371 enata
1546 3316 1626 3373 rerba
1638 3333 1685 3373 sua
1698 3318 1808 3388 legeret,
1819 3320 1875 3375 evi-

1084 3406 1184 3479 gilarit.
1199 3406 1315 3475 Populos
1329 3414 1416 3461 autem
1435 3406 1596 3463 christianus
1613 3409 1755 3463 memorias
1773 3420 1873 3482 marty·

1086 3512 1143 3551 ιιιιιι
1155 3497 1278 3565 religiosa
1295 3495 1463 3552 solemnitate
1475 3497 1656 3564 concelebrat,
1671 3506 1697 3553 et
1710 3497 1743 3552 ad
1757 3499 1875 3554 excitan-

1086 3593 1146 3648 dam
1160 3595 1351 3660 imitatio'uem,
1375 3601 1402 3650 et
1424 3600 1454 3647 ιιι
1467 3594 1568 3648 riseritis
1582 3609 1674 3650 euroin
1694 3595 1872 3663 rotundetur,

1085 3694 1165 3754 atquc
1179 3686 1342 3740 orationibus
1356 3684 1513 3755 adjuvetur:
1530 3686 1564 3740 ita
1580 3695 1666 3742 tamen
1681 3696 1710 3742 ιιι
1723 3686 1786 3742 nulli
1801 3703 1874 3743 mar·

1064 3812 1070 3821 ,
1087 3782 1189 3847 tyrum,
1204 3776 1251 3845 sed
1270 3776 1319 3845 ipsi
1334 3777 1389 3831 oco
1403 3786 1549 3847 rnartprum
1562 3778 1583 3842 ¹,
1597 3779 1718 3847 quamvis
1730 3780 1755 3832 in
1770 3794 1874 3835 memo·

1085 3867 1133 3921 riis
1150 3875 1311 3936 martyrum,
1327 3868 1521 3923 constituamus
1534 3868 1639 3923 alania.
1660 3868 1725 3934 Quis
1739 3871 1811 3924 cuim
1826 3887 1875 3924 an·

1086 3956 1197 4012 tistitum
1211 3956 1237 4011 in
1253 3957 1318 4013 loeis
1329 3965 1482 4013 sanctorum
1494 3970 1634 4028 contortam
1644 3957 1772 4013 assistens
1783 3955 1871 4024 altari,

1086 4046 1227 4116 aliquando
1241 4046 1323 4111 elisit,
1345 4046 1488 4103 Olisrimus
1501 4048 1565 4115 tibi,
1581 4043 1674 4112 Petre;
1689 4057 1751 4112 aut,
1772 4047 1871 4115 Paule;

1085 4150 1145 4204 aut,
1164 4138 1295 4211 Cypriane
1309 4157 1315 4193 :
1330 4140 1377 4195 sed
1390 4139 1464 4210 qnod
1483 4137 1603 4203 allartus,
1623 4137 1733 4194 obertus
1752 4140 1807 4196 lico
1827 4144 1874 4212 qui

1087 4239 1217 4307 martyres
1229 4230 1380 4295 comparit,
1397 4229 1466 4300 :apud
1481 4231 1623 4286 memorias
1638 4245 1730 4285 eorum
1746 4247 1813 4301 quos
1826 4247 1874 4289 eo·

1087 4324 1207 4389 rortavit3
1224 4330 1252 4376 ιιι
1270 4322 1435 4392 exipsorum
1459 4323 1577 4377 locorum
1595 4320 1775 4378 admonitione
1790 4323 1875 4389 majia

1086 4411 1196 4468 allectus
1209 4421 1345 4483 exsurgat,
1359 4412 1392 4467 ad
1405 4412 1551 4467 satiendam
1566 4412 1723 4468 charitatem
1734 4422 1760 4468 et
1773 4414 1799 4468 in
1814 4413 1874 4467 illos

1086 4516 1154 4574 quos
1175 4502 1271 4558 imitari
1285 4516 1427 4573 possumus
1442 4501 1470 4568 ⁸,
1490 4510 1517 4557 et
1536 4502 1562 4556 in
1577 4502 1650 4556 illum
1663 4518 1717 4573 quo
1734 4502 1876 4571 adjmaute

1087 4606 1237 4662 possumus.
1250 4590 1370 4648 Colimus
1382 4606 1446 4663 ergo
1458 4599 1589 4664 martyres
1598 4605 1631 4647 co
1641 4592 1715 4647 cultu
1725 4591 1877 4651 dilectionis

1086 4692 1113 4739 et
1125 4683 1278 4749 societatis,
1301 4669 1355 4755 qtto
1372 4691 1399 4738 et
1415 4683 1441 4737 ia
1454 4682 1504 4737 luc
1517 4683 1570 4737 nita
1590 4681 1712 4738 colamur
1730 4684 1814 4738 sandi
1828 4683 1876 4738 bo

1086 4774 1173 4829 mittes
1194 4774 1257 4839 Dei,
1271 4787 1384 4842 quorum
1402 4761 1452 4828 co'r
1464 4772 1498 4828 ad
1513 4773 1593 4828 talem
1607 4788 1655 4843 pro
1667 4773 1818 4844 euangelica
1830 4789 1877 4829 re·

1088 4864 1167 4921 ritate
1187 4863 1337 4933 passionem
1359 4871 1480 4934 paratum
1501 4878 1562 4920 esse
1584 4864 1725 4919 sentimus.
1744 4864 1798 4921 Sed
1819 4863 1879 4920 illus

1088 4964 1162 5010 tanto
1176 4955 1314 5022 devotius,
1336 4964 1436 5025 quanto
1449 4955 1569 5010 securius
1591 4964 1652 5026 post
1670 4955 1817 5010 cenimina
1832 4969 1880 5011 su·

1088 5055 1177 5116 perata
1190 5043 1219 5100 ⁸:
1234 5053 1334 5114 quanto
1348 5046 1428 5101 etiarm
1443 5043 1582 5100 lidentiorc
1594 5044 1673 5100 lauda
1688 5043 1877 5114 predicamus,

1085 5137 1140 5206 janu
1150 5135 1176 5190 in
1188 5135 1240 5188 rita
1254 5133 1372 5191 lelieiore
1383 5135 1508 5202 alatores,
1517 5149 1596 5205 quam
1605 5134 1631 5189 in
1642 5135 1690 5188 ista
1701 5134 1787 5190 adbuc
1795 5149 1879 5204 arsque

1092 5322 1095 5327 ·
1119 5289 1129 5325 ⁸
1146 5288 1281 5338 mmmmm
1298 5287 1380 5349 abdo,
1399 5286 1492 5339 aramus
1509 5295 1658 5340 rnorlsmuoa
1676 5287 1753 5353 augis
1773 5294 1880 5343 nasama

1087 5354 1305 5484 mqgofaniuieuscs
1319 5411 1366 5462 ltoc
1383 5410 1435 5462 loeo
1454 5407 1787 5487 addiplernatmacrificeuurs.
1806 5412 1882 5462 abest

1086 5472 1461 5524 numinenumine.

1121 5536 1132 5567 ⁸
1147 5541 1202 5586 tiss,
1210 5531 1324 5597 plerique
1335 5535 1382 5584 boc
1396 5532 1547 5596 etproaimo
1559 5530 1621 5591 loeo,
1632 5531 1760 5594 perditura.

1119 5595 1131 5631 ι
1146 5601 1197 5656 tp.
1209 5600 1245 5645 tr.
1256 5601 1283 5646 et
1293 5595 1377 5667 plures
1386 5601 1452 5656 tiss,
1461 5597 1515 5664 porr
1524 5589 1616 5645 assarta
1624 5590 1707 5650 onorio
1716 5597 1837 5660 mum
