3938 6360
82 256 1188 310 ᾖΜ-,ἒξξὲἓᾙ

304 465 413 644 nv
483 457 1004 602 naunvuan
1066 385 1466 615 romunt

475 726 480 736 ’
736 730 1072 916 {beatulis
1139 759 1145 771 '
1235 775 1238 779 ·

802 1013 985 1103 W

100 1169 198 1231 'Cum
212 1165 351 1228 ‹loeloris
367 1160 514 1224 catholici
529 1158 593 1220 dno
607 1158 673 1220 sint
693 1154 810 1231 ollicia,
827 1158 965 1220 alterum
982 1159 1166 1225 christianas
1190 1161 1356 1244 religionis
1370 1166 1521 1244 veritates
1545 1172 1712 1243 illustrare

81 1266 119 1311 ac
135 1247 340 1313 confirmare,
356 1242 493 1304 alterum
517 1237 645 1299 easdem
661 1238 702 1297 ab
715 1237 953 1316 insurgentium
982 1238 1204 1302 baereticorum
1218 1243 1382 1305 erroribus
1397 1246 1562 1311 vindicare
1577 1272 1586 1326 3
1616 1272 1712 1318 nemo

80 1333 229 1388 veterum
244 1330 301 1385 aut
319 1319 534 1382 recentiorum
548 1320 704 1406 utrasque
719 1318 827 1392 partes
842 1315 987 1394 implevit
1000 1316 1124 1378 ielicius
1141 1321 1189 1380 Au
1214 1323 1340 1393 ustino,
1359 1325 1415 1401 qui
1432 1327 1577 1389 omnium
1589 1330 1712 1409 judicio

81 1405 112 1466 itl
126 1405 244 1465 merito
256 1403 423 1463 assecutus
446 1400 504 1465 est,
521 1398 556 1454 ut
571 1410 752 1471 praecipuus
778 1409 816 1454 ac
843 1410 987 1454 summus
1013 1395 1164 1460 Ecclesiae
1257 1406 1308 1461 tor
1334 1400 1517 1465 haberetur.
1547 1406 1711 1473 Hactenus

81 1484 153 1562 ejus
169 1498 268 1561 opera
281 1494 353 1557 quse
364 1472 542 1537 christiana
554 1470 704 1562 dogmata
721 1470 885 1548 explicant
902 1472 1131 1535 exhibuimus:
1150 1493 1237 1539 nunc
1249 1494 1288 1539 ea
1326 1496 1375 1541 uae
1397 1481 1436 1541 ad
1455 1482 1631 1547 inlidelium
1645 1489 1711 1551 bse-

82 1559 321 1634 relicorumque
333 1550 585 1615 consulationem
601 1552 774 1627 periment,
788 1566 926 1628 queque
940 1551 1067 1629 vulgari
1081 1552 1149 1630 jam
1166 1556 1296 1618 nomino
1334 1558 1469 1621 olemica
1488 1578 1602 1624 vocare
1617 1567 1710 1629 sole-

81 1657 166 1703 mus.
187 1637 219 1696 in
246 1637 348 1694 tribus
363 1646 437 1709 quae
462 1632 583 1688 restant
606 1626 824 1688 voluminibus
840 1629 1099 1706 repraesentanda
1113 1636 1199 1693 suut.
1216 1634 1295 1694 Nam
1310 1636 1368 1697 etsi
1396 1637 1429 1697 in
1455 1639 1616 1717 prioribus
1646 1645 1710 1708 illis

81 1715 209 1792 scriptis
223 1709 398 1790 aliquando
412 1725 453 1768 ex
466 1705 635 1766 occasione
648 1711 834 1784 grassantes
851 1723 978 1769 errores
995 1707 1054 1768 Vir
1067 1714 1198 1780 sanctus
1215 1715 1432 1793 perstringam
1449 1723 1514 1777 ubn
1530 1716 1579 1781 bis
1602 1708 1711 1785 umen

80 1792 237 1873 ejusmodi
268 1787 394 1867 generis
419 1801 554 1863 operum
582 1798 699 1862 scopus
726 1787 797 1844 crat
810 1827 819 1857 ,
834 1783 965 1862 qualem
982 1784 1042 1847 sibi
1057 1786 1126 1864 ipse
1141 1789 1174 1849 in
1198 1789 1332 1869 reliquis
1360 1791 1514 1870 operibus
1529 1799 1709 1875 proposuit.

80 1872 172 1947 Quod
199 1871 226 1932 si
254 1866 470 1946 Augustinum
486 1861 591 1924 obiter
615 1861 647 1921 in
676 1862 841 1924 hereticos
856 1863 1065 1925 disserentem
1081 1870 1173 1929 lanta
1201 1884 1275 1930 cum
1289 1868 1457 1949 voluptate
1484 1871 1620 1937 lectores
1646 1877 1711 1941 buc

81 1938 975 2098 ”attalilt‘ltl.{lahstitaaltiltla
992 1942 1567 2089 tlt.‘tl⁰‘”.⁵.tttta¹.¹tltttti¹¹
1590 1956 1709 2092 argu.

80 2047 226 2186 {iepcatun
243 2096 465 2164 baereticorum
479 2097 684 2176 antesignani
696 2101 764 2157 tum
786 2098 923 2174 publicis
937 2039 1242 2174 concerrptationibris,
1270 2107 1339 2165 tum
1359 2105 1451 2170 editis
1476 2046 1710 2171 memiinist-

82 2186 144 2248 bus
164 2184 337 2246 vincantur
357 2194 396 2239 ac
418 2179 692 2255 prosternuntur;
708 2174 846 2249 achillea
867 2175 1006 2254 denique
1020 2194 1058 2239 ac
1077 2179 1232 2257 primaria
1251 2198 1364 2242 eorum
1381 2183 1500 2261 scripta
1525 2185 1557 2244 in
1581 2185 1708 2251 favillas

78 2262 294 2339 ,redigunturt
312 2258 391 2320 adeo
404 2261 438 2317 ut
451 2272 524 2315 cum
541 2271 582 2314 ex
598 2254 690 2331 primi
702 2255 829 2330 generis
844 2254 971 2332 scriptis
988 2255 1135 2316 Doctoris
1149 2257 1297 2320 catholici
1308 2276 1425 2320 nomen
1441 2305 1449 2333 ,
1466 2263 1552 2338 quod
1567 2269 1709 2327 nonnul-

84 2339 127 2400 lis
144 2340 239 2399 etiam
258 2334 425 2415 praecipuis
449 2333 599 2394 Ecclesia
621 2333 768 2393 Patribus
780 2349 950 2393 commune
970 2335 1038 2402 cst,
1061 2334 1208 2396 retulerit
1222 2338 1443 2414 Augustinus;
1460 2358 1501 2399 ex
1524 2340 1573 2401 bis
1596 2348 1709 2419 poste-

88 2417 228 2478 rioribus
245 2431 344 2476 unum
359 2413 418 2474 sibi
441 2412 628 2490 proprium,
652 2427 718 2487 quo
744 2409 868 2470 nullum
894 2410 981 2472 aliud
1003 2411 1174 2485 illustrius,
1196 2413 1336 2493 elogium
1354 2430 1373 2477 a
1395 2414 1566 2479 Catholicis
1590 2420 1709 2483 Hiero-

85 2511 184 2574 nynro
200 2498 279 2555 leste
291 2491 452 2561 meruerit,
467 2496 502 2550 ut
518 2490 615 2551 veluti
633 2489 714 2550 aller
735 2488 878 2566 antiques
891 2488 963 2549 tidei
977 2489 1130 2564 ‚conditor
1150 2491 1247 2552 etiam
1270 2493 1383 2554 rivcns
1405 2500 1437 2554 ct
1460 2494 1494 2554 in
1526 2498 1619 2558 terris
1643 2499 1703 2560 de-

59 2588 62 2593 ·
81 2590 163 2651 gens
186 2575 423 2651 agnosceretur.
437 2568 564 2631 «blacte
579 2568 706 2640 virtute,
722 2567 855 2644 »inquit
867 2566 922 2627 ille
935 2565 976 2628 ad
998 2566 1106 2644 ipsum
1130 2568 1348 2646 Augustinum
1362 2572 1518 2644 scribens,
1536 2596 1551 2630 a
1576 2575 1702 2666 iporbe

84 2672 99 2707 ι
119 2651 303 2721 celebraris.
319 2648 475 2710 Catholici
498 2651 529 2708 te
544 2646 741 2708 conditorem
762 2644 905 2723 antique
920 2660 1052 2706 rursum
1076 2644 1149 2707 lidei
1169 2652 1367 2710 venerantur
1379 2655 1476 2727 atque
1493 2653 1676 2730 suspiciunt
1691 2678 1706 2710 ι

81 2727 210 2809 (Epist.
232 2727 290 2788 aaa
303 2724 665 2803 iutsrAupustiuinuasl.
1052 2782 1055 2787 .

122 2807 215 2868 Nihil.
227 2806 266 2866 ad
285 2804 419 2884 hujusce
435 2802 517 2864 tituli
531 2807 562 2865 et
578 2804 674 2896 elogii
687 2800 998 2883 commendationem
1020 2800 1146 2864 videtur
1159 2802 1253 2882 adjici
1290 2820 1386 2865 osso:
1403 2805 1457 2867 scd
1476 2809 1581 2868 tamen
1595 2809 1707 2871 eodem

83 2882 117 2946 in
135 2884 206 2945 loco
218 2884 432 2963 Hieronymus
445 2881 563 2950 subdit,
581 2904 596 2937 a
612 2898 740 2973 signum
757 2879 889 2960 majoris
909 2879 1022 2959 glorie
1042 2899 1152 2952 ossea
1168 2881 1255 2959 quod
1268 2822 1381 2943 ibrum
1400 2885 1641 2946 sanctissimum
1664 2890 1707 2949 ob

83 2963 382 3032 eamdem'cansam,
398 2983 412 3016 e
427 2976 539 3020 omnes
552 2959 691 3021 baeretici
707 2958 983 3020 detestarentur.»
1004 2960 1124 3020 Eorum
1145 2977 1223 3022 vcro
1232 2962 1463 3024 malevolentia
1485 2965 1517 3023 et
1537 2965 1707 3028 ¹abaliena-

84 3042 296 3118 tioeousnue
310 3053 484 3117 progressa
506 3042 572 3109 est,
594 3042 749 3100 uteume
771 3038 875 3099 medio
892 3038 1133 3116 tollerequovis
1149 3039 1315 3117 proposito
1336 3041 1468 3117 premio
1490 3043 1705 3116 tentaverint,

84 3137 145 3180 nec
169 3120 230 3180 sibi
252 3118 290 3178 ad
310 3117 454 3194 concepti
474 3117 621 3194 capitalis
647 3116 713 3176 odii
738 3118 905 3177 cumulum
933 3116 1080 3178 sufficere
1107 3118 1272 3195 putarint,
1292 3119 1352 3179 nisi
1368 3118 1463 3179 ctiam
1486 3119 1589 3180 Deum
1604 3121 1707 3182 eidem

83 3197 220 3259 consilio
236 3194 406 3273 suflragari
429 3195 497 3256 suis
512 3196 644 3256 asseclis
657 3195 851 3273 persuadere
872 3201 1079 3268 conarentur,
1102 3196 1219 3273 quibus
1236 3196 1380 3274 polliceri
1410 3213 1475 3257 nou
1494 3196 1703 3270 dubitarunt,

85 3276 222 3339 «omitia
237 3280 366 3352 peccata
383 3290 402 3334 a
421 3273 487 3347 Deo
518 3273 737 3334 indubitanter
761 3273 1039 3335 essecredendum
1061 3291 1154 3352 posse
1168 3274 1282 3340 dimitti
1308 3274 1353 3335 eis
1376 3276 1431 3351 qui
1459 3275 1519 3334 boc
1537 3274 1642 3336 iacere
1662 3292 1726 3337 ac.

84 3353 269 3433 «perlicere
297 3351 508 3429 potuissent»
526 3350 674 3432 (Possid.
695 3353 729 3412 in
753 3352 826 3412 l'ita
846 3351 1025 3430 Augustini,
1042 3371 1111 3430 cap.
1126 3352 1170 3431 a).
1182 3351 1244 3412 'Sed
1267 3351 1412 3412 miranda
1428 3357 1475 3411 est
1491 3352 1551 3412 boc
1574 3353 1607 3412 in
1629 3353 1700 3415 loco

83 3430 255 3512 Augustini
272 3430 460 3501 moderatio,
475 3430 560 3507 quod
572 3447 645 3491 cum
664 3447 729 3489 non
746 3430 851 3490 solum
870 3430 1004 3507 privatis
1021 3430 1298 3489 criminationibus
1311 3430 1351 3489 ab
1362 3428 1556 3490 adversariis
1574 3430 1707 3509 impete·

83 3514 184 3577 raus,
207 3509 262 3570 sed
281 3514 313 3568 et
331 3510 372 3569 ab
386 3509 433 3569 cis
453 3512 652 3584 quaereretur
668 3507 707 3568 ad
721 3525 843 3576 necem,
862 3509 1004 3584 privatas
1022 3507 1204 3567 inimicitias
1224 3506 1296 3567 illas
1322 3507 1366 3568 ila
1394 3508 1620 3584 aequanimiter
1633 3510 1706 3570 tulit

84 3604 123 3650 ac
134 3587 359 3656 dissimulavit,
380 3591 416 3646 ut
432 3586 487 3646 vix
502 3586 601 3645 ullam
617 3584 656 3644 de
676 3584 722 3644 eis
743 3585 776 3642 in
800 3585 867 3645 suis
882 3583 1154 3662 disputationibus
1177 3584 1286 3644 iecerit
1300 3585 1496 3646 mentionem
1513 3605 1521 3644 ι
1537 3603 1597 3648 nec
1612 3589 1706 3664 quid

84 3682 183 3743 quam
195 3666 273 3730 certi
284 3663 323 3738 de
349 3667 512 3724 intentatae
527 3662 573 3721 illi
589 3663 677 3722 necis
689 3661 927 3723 machinatione
948 3663 1152 3734 nesciremus,
1171 3663 1232 3722 nisi
1247 3664 1408 3724 Possidius
1421 3663 1453 3723 in
1467 3664 1536 3743 ejus
1549 3665 1624 3726 Vita
1636 3665 1706 3743 rem
1747 3714 1753 3727 .

145 3744 221 3807 teris
237 3742 470 3821 consignasset.
493 3740 631 3815 Quodsi
657 3739 853 3832 quandoque
868 3740 907 3801 ad
927 3740 1062 3818 iujurias
1079 3741 1140 3801 sibi
1164 3741 1268 3802 illatas
1293 3742 1414 3818 aliquid
1433 3759 1590 3819 reponere
1613 3761 1707 3823 coge-

84 3760 198 3894 minn
217 3820 248 3882 id
272 3836 337 3881 non
358 3821 455 3900 justae
471 3817 682 3898 indignationi
709 3835 776 3879 suae
803 3817 979 3892 tribuebat,
1008 3819 1061 3879 sed
1086 3819 1241 3880 lectorum
1255 3820 1465 3898 utilitati,qui
1481 3821 1601 3898 iniquis
1616 3821 1707 3901 ejus-

85 3899 171 3960 modi
201 3898 480 3960 criminationibus
500 3915 520 3960 a
536 3896 669 3957 veritate
686 3901 819 3974 possent
832 3896 959 3957 abduci.
975 3896 1033 3956 Sed
1051 3913 1145 3956 nemo
1164 3898 1279 3958 melius
1296 3903 1360 3959 tam
1376 3898 1530 3959 moderati
1553 3899 1651 3960 animi
1672 3899 1707 3959 in

85 3976 135 4041 bis
149 3976 375 4039 occasionibus
389 3981 507 4037 statum
525 3975 733 4051 expresserit,
747 3991 847 4052 quam
862 3975 1061 4053 Augustinus
1077 3975 1162 4052 ipse,
1180 3976 1271 4054 cujus
1290 3977 1358 4038 hac
1373 3972 1469 4038 verba
1482 3982 1559 4038 sunt
1574 3979 1605 4037 in
1623 3978 1707 4038 libro

84 4062 197 4119 cantra
218 4053 408 4130 Petilianun
424 4054 531 4126 lertio,
545 4071 615 4130 cap.
633 4055 649 4115 1
666 4074 675 4112 ε
690 4076 705 4109 s
720 4051 788 4131 Ego
803 4051 934 4130 quaudo
958 4053 1076 4130 cuique
1101 4053 1152 4114 vel
1167 4054 1300 4115 dicendo
1315 4056 1364 4116 vel
1378 4055 1556 4122 scribendo,
1574 4073 1709 4133 respon·

85 4158 102 4193 a
115 4134 189 4205 deo,
208 4133 305 4196 eliam
317 4131 556 4195 contumeliosis
570 4131 847 4192 criminationibus
866 4130 1045 4203 lacessitus,
1061 4135 1217 4209 quantum
1236 4133 1313 4192 mibi
1336 4134 1490 4193 Dominus
1506 4133 1614 4204 donat,
1636 4133 1708 4195 ires·

86 4237 101 4273 s
117 4214 202 4275 natis
216 4217 314 4291 atque
329 4210 472 4272 contritis
492 4227 582 4273 vanae
596 4209 824 4289 indignationis
836 4210 969 4283 aculeis,
987 4209 1124 4271 auditori
1149 4210 1299 4270 lectorive
1315 4210 1499 4281 consulens,
1517 4227 1580 4271 non
1595 4227 1657 4288 ago
1671 4216 1709 4271 ut

87 4315 101 4349 α
121 4291 241 4353 elliciar
254 4289 376 4350 homini
389 4287 597 4350 conviciando
615 4287 774 4366 superior,
791 4287 847 4350 sed
867 4304 1009 4349 errorem
1022 4287 1240 4348 convincendo
1257 4287 1428 4347 salubrior.
1446 4309 1460 4342 n
1477 4287 1514 4347 ln
1529 4288 1578 4348 his
1594 4289 1705 4367 itaque

86 4368 356 4448 disputationibus
379 4385 430 4427 res
447 4371 512 4427 tota
529 4367 692 4427 rationum
705 4371 737 4427 et
748 4371 1015 4445 argumentorum
1028 4364 1142 4426 validis
1158 4363 1327 4425 momentis
1340 4367 1509 4443 agebatur.
1530 4366 1599 4426 Non
1613 4366 1707 4427 illum

85 4464 179 4527 apro
223 4448 286 4510 sito
300 4445 495 4506 difficultatis
508 4460 606 4520 scopo
627 4444 846 4505 conviciorum
863 4444 1041 4522 propriaeve
1055 4442 1196 4503 lesionis
1211 4459 1326 4503 sensus
1348 4443 1503 4504 avocabat
1516 4463 1524 4512 3
1548 4444 1603 4505 sed
1627 4445 1707 4507 satis

86 4527 146 4589 sibi
204 4526 290 4588 ctum
306 4525 530 4594 existimabat,
548 4523 576 4582 si
593 4523 642 4583 vel
657 4522 778 4599 proprii
803 4521 936 4583 bononis
958 4520 1125 4599 dispendio
1142 4520 1294 4581 Ecclesiae
1310 4526 1341 4581 el
1354 4521 1496 4582 veritatis
1509 4521 1584 4600 jura
1599 4523 1608 4601 l
1621 4523 1709 4602 quod

85 4621 187 4671 nuum
203 4604 263 4666 sibi
282 4606 324 4664 ob
336 4603 449 4664 oculos
464 4601 615 4679 ponebat)
630 4600 832 4662 asseruisset.
846 4601 883 4661 ln
904 4600 1085 4691 refellendis
1101 4599 1197 4659 etiam
1211 4599 1436 4660 lsaercticorum
1453 4603 1649 4694 argumentis
1663 4602 1710 4665 ita

86 4682 839 4837 at‘ttlttlaftaalttstilltillia
852 4693 1711 4834 {tlhlattttiitlalhllitatlabaala:

86 4840 174 4902 n'bus
202 4841 307 4900 verbis
328 4845 360 4899 el
385 4835 656 4916 appellationibus
685 4850 838 4896 revocare
851 4841 1035 4896 conaretur.
1052 4835 1146 4894 Hunc
1161 4835 1276 4912 agendi
1290 4836 1419 4896 modum
1437 4837 1543 4897 statim
1556 4838 1599 4897 ab
1618 4838 1710 4897 initio

86 4919 361 4980 concertationum
385 4932 519 4976 suarum
542 4915 602 4975 sibi
627 4913 814 4993 proposuit,
838 4914 884 4974 uti
902 4914 970 4991 ipse
998 4918 1134 4974 testatur
1150 4933 1157 4970 ε
1174 4937 1188 4969 «
1205 4914 1304 4974 Deum
1323 4913 1433 5006 rogavi
1463 4919 1494 4974 et
1513 4930 1603 4993 rogo,
1619 4920 1655 4974 ut
1677 4915 1710 4974 in

86 4997 287 5058 «refellenda
302 5001 333 5056 ct
350 4993 541 5055 revincenda
560 4993 672 5054 berosi
687 4997 814 5062 vestra,
836 4993 887 5053 cui
902 4997 934 5054 et
956 5010 1013 5052 vos
1035 4991 1169 5053 tortasse
1184 4992 1417 5070 imprudentius
1437 5009 1536 5069 quam
1564 4994 1709 5053 malitia*

87 5077 187 5137 «sius
212 5074 403 5144 adlrmsistis,
419 5073 471 5133 del
493 5072 571 5131 mihi
591 5078 729 5131 rnentem
753 5078 901 5147 pacatam
924 5071 1265 5149 alquelranquillam,
1288 5075 1319 5130 ct
1343 5071 1444 5149 magis
1460 5070 1498 5130 dc
1511 5077 1619 5132 vestra
1640 5089 1712 5132 cor-

87 5155 273 5223 ereclionc,
287 5168 386 5230 quam
406 5151 445 5212 de
468 5150 680 5212 subversione
699 5150 903 5228 cogitantem.
919 5151 1112 5226 Quanquam
1141 5151 1226 5209 euim
1252 5151 1408 5208 Dominus
1425 5166 1481 5226 per
1496 5166 1608 5210 servos
1633 5167 1710 5211 suos

86 5228 1209 5389 :tttllttllillhttizinstitutit-‘lutat'llltltl
1222 5228 1478 5385 itti-latai
1492 5229 1713 5385 mittitis

84 5391 141 5468 gui
157 5388 228 5450 lidei
247 5387 483 5449 controversias
499 5389 648 5454 tractam,
664 5384 776 5444 eodem
791 5384 901 5444 animo
912 5385 1127 5445 ducerenturl

122 5468 189 5529 Etsi
210 5484 308 5546 porro
331 5465 364 5524 in
389 5464 539 5524 omnibus
564 5462 734 5541 Augustini
753 5463 905 5539 oporibus
922 5481 1047 5524 summa
1063 5463 1132 5541 ejus
1148 5462 1283 5526 iarcullas
1302 5464 1423 5533 elucet,
1440 5463 1587 5525 nonnihil
1603 5470 1711 5524 tamen

84 5547 215 5626 majoris
236 5543 421 5623 splendoris
436 5541 600 5604 catholice
615 5541 684 5621 ejus
699 5542 944 5618 disceptationes
968 5558 1033 5619 prce
1047 5559 1082 5601 se
1098 5540 1204 5601 ierunt
1220 5562 1227 5601 ε
1248 5547 1281 5601 ut
1295 5542 1328 5601 in
1344 5542 1428 5602 bello
1440 5547 1472 5603 el
1484 5542 1594 5634 praelio
1609 5543 1712 5621 magis

84 5638 182 5701 mam
195 5625 229 5685 in
254 5640 333 5702 pace
348 5622 485 5684 militum
513 5620 614 5681 virtus
631 5622 795 5699 probatur.
821 5620 856 5680 ln
875 5621 953 5700 ipsis
974 5620 1058 5680 enim
1076 5621 1201 5698 scriptis
1215 5621 1263 5682 vis
1287 5628 1319 5682 et
1336 5632 1471 5682 acumen
1486 5620 1629 5699 ingenii,
1654 5622 1713 5682 do-

221 5722 332 5785 Ssscr.
359 5722 495 5784 Accusr.
514 5719 596 5789 t'llt.
1521 5716 1633 5798 ltine.)

608 5779 811 5889 s..
