3938 6360
159 241 203 299 ῃ,
715 230 758 284 nc
778 225 993 292 trettnstuus,
1012 227 1041 283 s.
1062 224 1245 283 aucusrmt
1763 225 1802 297 es

160 355 282 414 aeuum
297 361 386 409 numm
400 350 522 421 dogmata
536 343 736 403 fabulosissimis
750 343 827 413 phua
842 342 955 412 tigmen-

163 447 198 499 tis
217 461 225 497 r
244 446 325 500 etiam
346 441 395 512 ipsi
416 438 563 510 principum
583 436 623 490 rel
636 435 790 504 arrgrslnrmu
806 432 957 487 nominibus

162 531 326 590 terribilibus
347 529 465 586 infirmas
484 528 587 583 autimas
606 526 732 595 capiuut;
752 534 779 579 et
796 522 831 578 de
847 523 901 577 neo
915 537 958 578 re·

163 638 277 694 rurisque
289 629 399 686 tratura,
415 619 535 676 fabulosa
548 628 575 673 et
587 632 602 672 a
615 616 728 671 sarriente
742 613 859 670 ueritatis
871 612 956 668 aliena

163 714 246 770 nndta
261 721 416 768 contexunt.
430 709 585 765 Animarum
599 703 792 768 substantiam,
807 703 852 759 bei
865 702 957 758 dieunt

163 819 224 861 esse
237 811 377 866 naturam,
390 814 534 868 earumque
547 797 689 852 adrentum
703 795 729 849 in
741 797 798 850 lianc
807 807 919 864 corpora
929 800 957 848 et

163 895 278 951 reditum
295 892 329 948 ad
350 892 432 947 Deum
453 889 547 945 iisdem
566 888 622 944 suis
640 885 736 941 labnlis
752 882 913 954 longissimis
930 892 957 938 et

163 981 327 1039 stultissimis
345 977 492 1035 secuudum
512 992 575 1032 suos
587 989 693 1031 errores
705 972 826 1028 insdrnut
840 988 848 1026 :
861 980 889 1029 et
899 971 958 1026 illes

164 1073 209 1145 qni
224 1073 265 1128 eis
277 1070 392 1127 credunt
403 1068 517 1132 iacintus,
530 1080 585 1121 non
597 1064 679 1119 multa
689 1104 697 1128 ,
707 1074 737 1119 nt
750 1069 841 1149 putant
852 1101 860 1128 ,
871 1061 958 1117 scien·

164 1163 201 1217 tia
216 1159 392 1232 preponere,
406 1157 453 1212 sed
467 1157 569 1220 metha,
585 1163 614 1210 ut
626 1155 660 1208 ita
671 1152 756 1208 dicam
768 1190 776 1216 ,
790 1150 958 1206 fabulositate

165 1263 310 1307 vanescere
323 1249 343 1301 ¹.
358 1248 485 1303 Dicuntur
496 1260 601 1317 prrozpne
615 1244 713 1299 bouum
726 1241 805 1317 deum
820 1249 846 1299 et
858 1242 956 1296 malum

166 1339 246 1397 deum
261 1339 287 1395 in
299 1338 355 1394 suis
367 1323 465 1392 l'tahere
477 1335 653 1405 dogmatibus.

164 1444 171 1485 t
202 1430 258 1488 tlt.
271 1429 484 1487 Caurocntrnmr
496 1436 581 1482 sunta
594 1425 771 1495 carpocrate,
783 1423 827 1492 spii
842 1420 959 1477 docebat

165 1537 272 1581 emnem
283 1531 387 1592 turpem
399 1510 596 1590 operationem,
611 1526 770 1584 onm'cmqne
789 1512 959 1567 adiuren'io-

168 1630 230 1670 uem
246 1613 345 1685 peccati
358 1629 365 1664 :
382 1626 431 1666 nce
443 1611 520 1664 aliter
530 1609 606 1665 eradi
621 1617 699 1678 sitque
711 1605 816 1661 transiri
829 1604 960 1675 priucipa-

167 1715 212 1763 ttts
230 1714 257 1760 et
277 1712 443 1776 potestates,
459 1703 555 1773 quilius
570 1700 627 1755 lime
642 1700 762 1769 placent,
780 1707 808 1753 nt
827 1698 911 1769 possit
926 1694 959 1751 ad

168 1796 267 1852 coelnrn
281 1795 405 1865 superius
416 1792 557 1863 perveniri.
571 1791 619 1846 llic
629 1791 708 1847 etiarn
721 1789 812 1845 lesum
826 1788 960 1842 homiuem

170 1883 364 1959 tautummodo,
384 1893 411 1938 et
422 1883 456 1937 de
469 1891 579 1951 iitroque
594 1896 659 1936 sexu
674 1889 763 1935 tratum
783 1887 889 1948 putasse
900 1893 960 1947 per·

172 1973 299 2039 hibetur,
313 1971 360 2028 sed
373 1972 506 2044 accepisse
519 1971 598 2026 talem
618 1972 751 2034 auinram,
766 1983 817 2040 apta
837 1968 918 2023 sciret
930 1982 962 2023 ca

168 2080 229 2136 qun
239 2078 353 2134 superna
364 2072 464 2130 esseut,
476 2071 556 2133 atque
570 2062 715 2116 nnrrtiaret.
730 2059 961 2116 Resurrectionem

167 2155 289 2227 corperis
306 2155 385 2210 simul
404 2169 465 2209 cum
486 2153 555 2224 hege
577 2153 732 2223 abjiciebat.
742 2150 887 2220 Negabata
906 2149 963 2204 Dee

168 2236 359 2311 lactruu,‘sed
383 2259 398 2298 a
422 2243 513 2299 neseio
537 2243 632 2311 ortibus
660 2242 799 2296 uirtutibus
822 2240 961 2296 mttudunt.

170 2332 258 2390 Secta)
270 2334 354 2402 ipsius
366 2333 446 2388 inisse
462 2332 703 2401 traditu-mnndum
719 2325 887 2395 illareelliun,
903 2346 963 2400 trun

170 2414 275 2481 colebat
297 2424 424 2493 imagines
438 2423 502 2478 lesu
521 2424 641 2503 etPnuli
657 2433 684 2477 et
704 2421 811 2479 liorneri
825 2434 849 2478 ct
865 2423 963 2493 Pytha·

170 2530 255 2587 gorae,
269 2514 404 2569 ador-annin
416 2516 606 2583 incensumque
618 2514 749 2583 pouerrdn.

209 2605 275 2662 tut.
291 2604 489 2661 Ccnrsrnnura
503 2605 640 2672 Cer-irrtbo,
657 2604 789 2675 iidemque
798 2603 964 2660 llerintbiani

172 2712 189 2753 a
203 2697 342 2762 blerinthe,
354 2697 482 2753 muudmu
491 2696 525 2753 ab
539 2698 641 2769 augelis
655 2697 750 2752 luctum
764 2711 823 2752 esse
833 2696 963 2764 dieentes,

172 2799 201 2844 et
217 2804 300 2844 earne
318 2787 471 2845 eircumcidi
490 2797 629 2859 oportere,
649 2796 729 2859 atque
742 2788 793 2847 alia
814 2786 964 2856 hujusmodi

174 2876 252 2948 begis
265 2887 395 2949 precepta
410 2878 520 2932 serrari.
533 2877 623 2932 lesum
637 2876 771 2932 honunem
783 2875 965 2933 tantummodo

174 2967 274 3033 inisse,
290 2982 340 3023 nec
352 2967 547 3032 resurrexisse,
560 2965 608 3023 sed
630 2979 841 3024 resurrecturum
860 2982 966 3024 assere·

175 3070 275 3116 rantes.
299 3059 370 3116 hlilie
386 3074 492 3130 qtroque
508 3074 593 3115 anuos
614 3067 672 3128 post
693 3061 915 3116 resurrectionem
938 3060 966 3115 in

176 3164 283 3209 terreno
299 3168 382 3225 reguo
397 3152 512 3218 Christi,
533 3151 679 3208 secundnm
693 3139 813 3207 carnales
827 3153 928 3209 reatris
939 3161 968 3208 et

175 3242 292 3300 libidinis
310 3244 472 3314 roluptates,
489 3243 591 3298 tuturos
611 3241 762 3296 tabutamm
781 3258 788 3295 :
804 3240 966 3297 nuncetiam

173 3335 310 3391 Chiliastre
322 3344 385 3391 sunt
394 3334 517 3406 appellati
529 3333 539 3404 (
546 3331 603 3388 lid.
618 3332 663 3386 lib.
678 3330 715 3386 ιθ
740 3329 887 3388 decivitate
899 3329 965 3398 Dei,

175 3440 234 3495 cop.
245 3424 284 3498 7).

211 3516 257 3571 tx.
272 3515 416 3584 Nuaamrt,
438 3532 499 3572 cum
519 3515 566 3572 [lei
590 3516 685 3571 Filium
709 3517 886 3573 eotrlitcantur
907 3529 968 3572 esse

175 3605 322 3672 Christum,
335 3607 424 3662 emula
439 3615 527 3662 tamen
539 3607 636 3662 veteris
649 3606 728 3678 Legis
741 3606 894 3670 observant,
908 3620 969 3674 quin

174 3694 319 3755 Christiani
335 3712 382 3768 per
392 3696 567 3768 apostolicam
577 3695 744 3752 traditionem
764 3695 969 3752 nonobserrarc

177 3786 340 3854 carnaliter,
375 3787 423 3842 sed
450 3787 625 3855 spiritualiter
649 3787 797 3856 intelligere
819 3786 969 3842 didicerunt

179 3876 256 3949 (ltu.
268 3877 312 3933 lii.
327 3878 339 3932 l
357 3878 634 3946 carrtraCretcauinua,
646 3895 704 3948 cap.
719 3878 775 3947 at).

215 3967 250 4023 X.
264 3968 382 4024 Emonrsr
394 3967 529 4024 Cluistnm
542 3957 621 4025 ctiam
632 3968 682 4037 ipsi
693 3965 876 4023 tautummodo
887 3966 969 4022 bomi-

170 4046 244 4116 'nem
257 4058 358 4114 dieunt.
378 4058 500 4115 denudata
512 4059 629 4116 carnalia
644 4058 722 4130 Legis
734 4058 896 4124 observant,
913 4056 965 4113 eir·

182 4147 376 4205 eunucisionern
398 4148 501 4204 scilieet
522 4150 628 4213 earnis,
642 4156 670 4203 et
693 4157 837 4212 cr·tera,a
854 4161 968 4218 qttomm

181 4237 308 4295 oneribus
329 4252 378 4310 per
399 4237 502 4293 Nouum
520 4237 720 4295 Testamentum
740 4236 844 4316 liberati
864 4251 967 4292 sumus.

178 4321 245 4378 llnic
259 4320 356 4377 heresi
373 4320 537 4392 Epiphanius
548 4321 738 4393 Sampsreos'et
757 4320 890 4377 Elces'eos
906 4321 917 4353 ¹
933 4321 968 4376 ita

177 4400 294 4483 copulat,
310 4422 338 4468 ut
351 4415 403 4469 suh
416 4413 513 4471 eodem
528 4407 652 4482 onmem,
665 4423 789 4485 nuquam
801 4428 853 4468 uua
865 4413 900 4468 sit
914 4411 970 4468 hae·

179 4504 264 4570 rests,
287 4512 384 4574 ponat,
403 4505 502 4577 aliquid
528 4513 616 4562 nmen
641 4507 772 4565 interesse
798 4507 967 4578 significans:

178 4596 300 4666 quamvis
314 4605 342 4651 et
354 4595 380 4650 in
395 4599 621 4667 consequentibus
636 4599 761 4670 loquatur
773 4598 808 4654 de
826 4598 899 4666 illis,
920 4612 969 4669 po·

178 4701 246 4740 treus
259 4701 306 4741 eos
319 4687 496 4757 subimmero
510 4702 569 4742 sno.
593 4689 723 4745 Eusebius
737 4705 802 4746 reru
820 4689 968 4746 tlteesain·

178 4792 237 4832 rum
260 4785 360 4833 sectam
381 4792 613 4845 commemorans,
635 4778 714 4834 iidem
734 4781 762 4834 iu
785 4782 970 4849 perseeutione

178 4865 244 4922 dicit
254 4866 400 4936 rrepnndmn
411 4866 552 4935 docuisse,
566 4877 594 4925 ct
604 4867 631 4924 iu
642 4868 723 4924 eorde
732 4869 890 4926 seruandam
901 4870 967 4942 (Cu-

179 4957 245 5025 rrit,
258 4958 302 5012 lib.
315 4958 342 5021 6,
355 4975 413 5028 cap.
424 4959 482 5030 38).

218 5046 264 5103 ιιι.
279 5046 469 5105 thsnrmurtr
483 5065 498 5103 a
512 5048 663 5115 Valentino,
675 5049 720 5121 qrri
733 5049 766 5106 de
777 5060 869 5106 turtum
881 5068 968 5108 rermn

209 5158 217 5188 ¹
236 5157 310 5208 Editio
320 5165 367 5216 rr..
380 5176 392 5205 ι
403 5173 537 5224 earumque
554 5161 684 5210 artnentum
696 5162 719 5212 in
731 5163 783 5213 buc
800 5175 900 5225 corpora
913 5179 969 5217 curn

179 5217 255 5268 saliis
272 5221 355 5270 aereis
368 5222 494 5271 antrrrabus
507 5222 591 5273 dicunt
610 5222 671 5281 lieri,
687 5236 732 5285 per
753 5238 814 5287 tritas
834 5234 931 5286 peceaua
945 5229 968 5278 in

179 5282 343 5343 «ent-poribus
352 5285 532 5334 committuntur
544 5296 551 5335 :
565 5296 619 5335 nam
631 5281 684 5335 illas
698 5287 790 5337 animas
808 5299 863 5350 quse
875 5300 908 5338 ex
924 5290 968 5338 bei

179 5341 340 5411 «procedunt
353 5342 495 5405 subeuntia,
507 5347 598 5395 reverti
611 5345 640 5396 ad
653 5353 728 5397 neuin
742 5344 914 5401 immanitates.
926 5351 967 5400 tti-

179 5418 190 5444 ι
202 5410 289 5452 nititur
300 5416 398 5467 quoque
409 5405 498 5454 bonum
506 5412 611 5465 neuin.»
626 5413 674 5457 me.
683 5415 769 5459 tecum
777 5416 869 5460 caum.
881 5422 967 5467 erem·

178 5460 487 5539 tlaribtrsrednrtegrarunt
499 5469 667 5518 lovanienses.

186 5584 190 5593 Ι
206 5525 217 5554 ¹
235 5530 258 5573 tn
272 5532 378 5588 antiquis
393 5527 516 5580 codicibus
524 5530 579 5591 scrip
589 5537 639 5580 turn
659 5534 796 5593 reperimus
811 5546 865 5583 eum
877 5532 967 5597 aspira-

174 5595 250 5688 nnnr,
265 5583 414 5698 rtielcrsrcou·
427 5595 451 5639 ιι
461 5588 528 5647 inira,
550 5590 744 5653 intermarana,
759 5608 811 5654 sen,
825 5594 965 5647 rtclrrsrito·

188 5657 227 5694 dim
239 5661 277 5695 αι’(
290 5662 336 5697 ΛΗ.

1013 340 1093 395 rmdta
1107 340 1225 397 lahulosa
1239 344 1376 409 eoudrrxit,
1393 347 1500 419 triginta
1513 346 1625 413 AEnnas,
1640 345 1666 401 id
1681 355 1736 414 est,
1746 361 1803 403 ne-

1010 432 1085 497 rula,
1106 446 1229 488 asserens
1254 436 1406 503 exstitisse,
1421 449 1534 508 quinutu
1556 438 1715 509 principium
1738 453 1802 496 este

1012 522 1170 590 protundum
1185 535 1211 580 et
1225 525 1377 595 silentium,
1393 528 1464 599 qrrnd
1480 528 1639 599 proinudnm
1653 530 1734 585 etiam
1750 544 1799 600 pa·

1011 622 1078 668 trem
1093 615 1208 684 appellat
1220 616 1242 671 ¹.
1263 616 1302 672 Et
1315 619 1412 688 ortibus
1425 617 1530 676 duobus
1545 620 1659 676 relutes
1674 620 1802 692 conjugio

1011 703 1174 770 processisse
1188 705 1310 775 perbibet
1322 707 1485 764 intellectum
1496 717 1524 765 et
1536 711 1684 775 ueritatem,
1696 719 1726 766 rt
1739 725 1801 780 pro-

1012 791 1103 848 tulisse
1117 793 1144 849 iu
1159 794 1288 851 bonorem
1304 798 1385 867 patris
1399 797 1501 854 AEurras
1515 809 1586 854 octo.
1605 800 1648 856 *lle
1662 800 1801 859 intellecta

1011 893 1099 939 atatem
1110 891 1136 938 et
1149 885 1258 940 ueritate
1269 879 1547 956 proconissos-erbum
1558 899 1585 946 et
1598 890 1688 955 ritant,
1696 901 1722 946 et
1737 907 1802 961 pro·

1011 972 1103 1028 tulisse
1115 971 1215 1027 aunum
1227 973 1331 1030 decem.
1343 975 1425 1031 Porro
1437 976 1472 1031 de
1486 977 1568 1033 uerbo
1582 988 1609 1034 et
1622 977 1676 1032 rita
1690 994 1801 1050 proces·
1835 966 1840 974 ’

1011 1063 1080 1118 sisse
1103 1061 1237 1118 huminem
1259 1074 1286 1121 et
1308 1065 1473 1136 Ecclesiam,
1492 1076 1520 1123 et
1542 1068 1685 1139 protulisse
1699 1068 1803 1125 AEonas

1011 1150 1160 1207 duodecim.
1174 1153 1263 1224 ltaque
1273 1159 1333 1210 netu
1345 1165 1372 1210 et
1385 1155 1478 1212 decem
1491 1164 1519 1214 ct
1529 1140 1670 1215 duodecim
1684 1156 1741 1215 deri
1755 1158 1804 1214 tri·

1011 1241 1082 1312 ginta
1098 1242 1217 1309 AEonss,
1233 1245 1371 1313 babentes,
1387 1247 1554 1315 audirimus,
1569 1249 1684 1320 primum
1698 1250 1801 1320 princi-

1012 1332 1083 1403 pium
1093 1333 1128 1389 de
1143 1335 1273 1405 profunde
1282 1347 1310 1393 et
1323 1338 1440 1395 silentio.
1452 1338 1587 1397 Christum
1597 1349 1712 1396 atitema
1726 1351 1804 1412 patre

1013 1422 1141 1492 missum,
1164 1424 1190 1480 id
1212 1435 1270 1494 est,
1289 1442 1303 1480 a
1326 1428 1474 1499 puniendo,
1488 1430 1624 1500 spirituale
1637 1431 1677 1487 rel
1692 1431 1805 1489 coeleste

1012 1528 1109 1584 corpus
1121 1530 1211 1573 seeum
1225 1519 1348 1576 attulisse
1359 1539 1367 1576 a
1378 1520 1497 1592 nibilapre
1512 1524 1689 1593 assumpsisse
1700 1525 1735 1580 de
1745 1525 1804 1579 uir·

1011 1607 1074 1677 girre
1096 1607 1193 1676 llario,
1208 1609 1256 1665 sed
1277 1626 1325 1681 per
1344 1612 1415 1666 illam
1429 1620 1553 1683 utiquam
1570 1627 1616 1684 per
1627 1615 1714 1669 rirum
1726 1616 1738 1646 ¹
1755 1623 1805 1673 aut

1014 1712 1061 1766 per
1080 1695 1193 1753 fistulam
1213 1700 1272 1756 siue
1291 1699 1345 1756 ulla
1361 1700 1395 1758 de
1410 1702 1452 1757 ilia
1466 1711 1601 1774 assumpta
1617 1716 1698 1778 earne
1713 1713 1805 1761 trans·

1014 1786 1077 1840 isse.
1093 1787 1104 1818 ⁸
1119 1786 1295 1858 Nugatorium
1310 1793 1533 1851 resurrectionem
1545 1794 1643 1861 earnis,
1654 1795 1742 1852 solnm
1755 1812 1807 1867 per

1013 1875 1147 1933 Clu-istum
1160 1879 1320 1950 spiritumet
1333 1883 1450 1939 animam
1463 1885 1577 1942 sulutem
1591 1886 1715 1958 accipere
1726 1886 1807 1943 alhr-

1015 1984 1101 2024 mans.
1613 2033 1618 2045 ,

1050 2061 1107 2119 llll.
1122 2062 1281 2121 Succurrent
1293 2065 1304 2098 ¹
1315 2066 1366 2122 boe
1377 2084 1393 2124 a
1403 2067 1592 2127 Valentinianis
1602 2071 1701 2128 distare
1711 2072 1809 2129 dicuu-

1015 2162 1067 2216 tur,
1083 2154 1153 2223 qnod
1166 2155 1268 2212 addunt
1280 2172 1361 2227 opera
1377 2160 1557 2230 turpitudinis.

1051 2248 1119 2303 xut.
1135 2248 1573 2322 Procennusquoquediseipnlns
1588 2253 1734 2319 Valentini,
1750 2253 1808 2311 trae·

1015 2339 1095 2392 resim
1108 2353 1203 2394 riorum
1213 2339 1328 2394 condere
1338 2340 1458 2412 cupiens,
1470 2341 1693 2413 quatuorAEonas
1703 2353 1730 2400 et
1739 2344 1808 2401 alios

1015 2437 1128 2497 qrrrrtnor
1142 2444 1262 2485 asserere
1274 2430 1376 2486 maluit.
1691 2490 1696 2500 ,

1051 2517 1121 2573 xlv.
1139 2518 1249 2575 blancus
1262 2521 1342 2576 eliam
1356 2520 1519 2591 nescioquis
1532 2522 1654 2578 heresim
1668 2523 1806 2589 condidit,

1017 2624 1117 2678 rugzms
1132 2611 1356 2680 resurrectionem
1369 2612 1466 2685 cunis,
1478 2621 1505 2667 et
1516 2612 1651 2669 Christum
1665 2629 1718 2667 urin
1731 2630 1806 2683 rere,
1832 2634 1834 2641 ¹

1016 2698 1063 2753 sed
1077 2698 1193 2768 putative
1207 2714 1312 2769 passum
1326 2715 1498 2756 asseverans.
1524 2702 1581 2759 nno
1592 2719 1699 2774 ottoque
1711 2705 1808 2772 opina·

1018 2802 1059 2846 tus
1069 2800 1109 2845 est
1120 2807 1152 2846 ex
1165 2789 1277 2847 aduerso
1287 2791 1336 2847 sibi
1348 2807 1408 2848 esse
1422 2793 1560 2864 principia,
1569 2794 1695 2865 quiddam
1710 2796 1762 2851 tale
1774 2793 1809 2850 dc

1017 2880 1148 2937 AEouihus
1162 2882 1241 2952 duale
1250 2880 1408 2940 Valentinus
1420 2883 1569 2940 alhnuaus.

1052 2970 1111 3028 xv,
1126 2969 1296 3028 Coconnnsus
1310 2973 1321 3018 ¹
1333 2981 1441 3029 securtns
1462 2983 1504 3030 est
1525 2975 1607 3042 istos,
1623 2990 1675 3030 uon
1696 2975 1809 3033 multum

1017 3061 1095 3116 aliter
1116 3048 1253 3128 sentiens,
1270 3062 1350 3118 uitam
1365 3064 1483 3120 omnium
1500 3063 1637 3120 hominum
1652 3073 1680 3120 et
1692 3080 1809 3136 genera·

1019 3156 1118 3208 tionem
1136 3154 1161 3209 in
1177 3161 1281 3226 septem
1294 3142 1426 3210 sideribus
1439 3156 1586 3211 consistere
1599 3154 1747 3211 alirumnas.

1053 3243 1123 3298 lllll.
1140 3243 1569 3301 lleaacceentrnahlleracleone
1580 3245 1711 3315 discipulo
1729 3261 1810 3317 supe-

1019 3336 1130 3399 riorum,
1140 3334 1193 3391 duo
1203 3344 1328 3391 asserunt
1340 3335 1479 3405 principia,
1492 3351 1574 3390 tinum
1588 3351 1621 3392 cx
1633 3336 1766 3402 alternet
1775 3352 1810 3392 ex

1020 3424 1062 3479 bis
1078 3425 1183 3481 duobus
1201 3426 1252 3480 alia
1275 3425 1400 3497 plurima.
1420 3425 1555 3484 Feruntur
1566 3436 1656 3481 niuem
1671 3440 1735 3481 suos
1748 3442 1809 3481 nto·

1020 3517 1118 3570 rientes
1131 3531 1200 3570 nom
1211 3516 1292 3573 medo
1303 3517 1377 3588 qnasi
1391 3514 1535 3583 redimere,
1550 3515 1638 3584 idest,
1649 3516 1808 3587 pereleum,

1020 3604 1165 3659 lini-amum
1186 3615 1213 3660 et
1232 3621 1346 3679 aquam,
1361 3615 1389 3662 et
1398 3604 1584 3662 invocationes
1596 3620 1663 3678 quas
1678 3605 1810 3665 hebraicis

1020 3694 1109 3750 rer-bis
1122 3694 1214 3750 dicunt
1226 3711 1308 3766 super
1318 3695 1406 3764 capita
1416 3710 1520 3752 eertum.

1057 3786 1137 3842 hill.
1152 3787 1262 3842 Oratus
1281 3801 1296 3840 a
1319 3785 1431 3841 colubro
1451 3787 1579 3842 nominati
1603 3795 1666 3842 snut
1680 3805 1687 3842 :
1699 3786 1810 3844 coluber

1020 3876 1093 3931 euim
1106 3891 1192 3947 graece
1206 3882 1258 3948 ιρις
1269 3873 1377 3931 dicitur.
1399 3874 1476 3931 llune
1487 3887 1574 3933 autem
1588 3876 1723 3933 Christum
1736 3876 1810 3933 arbi-

1021 3976 1123 4021 trnuur
1133 3984 1139 4020 :
1149 3960 1195 4020 sed
1211 3965 1310 4021 babent
1321 3965 1401 4022 etiam
1416 3981 1507 4021 rerrnn
1517 3967 1654 4022 colubrum
1669 3979 1806 4025 assuetum

997 4088 999 4092 v
1021 4073 1113 4112 corun
1137 4071 1219 4127 putres
1241 4057 1359 4112 lambere
1369 4050 1379 4119 ,’
1397 4065 1477 4126 atquc
1496 4057 1530 4111 ita
1546 4058 1587 4113 cis
1600 4058 1673 4114 velut
1687 4058 1811 4114 ertchari·

1021 4150 1099 4204 stinu
1120 4149 1297 4205 sanctificare.
1322 4146 1435 4217 Quidam
1454 4148 1546 4205 dicum
1566 4149 1633 4205 isles
1646 4149 1758 4220 Ophites
1776 4168 1811 4209 ex

1021 4238 1157 4293 Nicolaitis
1171 4237 1230 4294 sire
1244 4238 1381 4295 Gnosticis
1395 4238 1545 4306 exstitisse,
1560 4249 1586 4295 et
1603 4256 1650 4309 per
1662 4256 1754 4296 eorrrm
1769 4240 1811 4299 ia·

1023 4330 1113 4385 bulusa
1137 4333 1263 4415 ligurema
1283 4330 1317 4386 nd
1337 4330 1476 4387 colubrum
1497 4331 1638 4391 colendum
1653 4332 1735 4390 luisse
1750 4350 1812 4407 per·

1022 4430 1129 4478 ternum
1143 4423 1164 4476 ¹.

1037 4558 1062 4624 ,Ι
1080 4554 1242 4614 ttichaelinus,
1253 4554 1405 4606 colbertinus
1419 4560 1446 4604 et
1462 4555 1588 4604 t'atieanus
1605 4554 1703 4605 cedices
1713 4555 1812 4619 addunt,

1020 4612 1141 4666 stlerrtinnr
1150 4622 1260 4667 matrem.
1415 4674 1422 4685 ,

1053 4678 1209 4734 ἰιιιιιοιι.,
1279 4689 1334 4726 nont
1374 4687 1493 4725 rumara.

1053 4740 1144 4797 1(ιιιιιιι
1156 4739 1194 4787 bic
1206 4740 1229 4788 ln
1280 4739 1320 4788 itis
1364 4745 1418 4787 erat
1432 4736 1549 4796 additum,
1565 4740 1814 4802 aneuigesimosre·

1025 4799 1102 4849 reuln
1113 4799 1171 4849 dicit
1180 4797 1303 4848 diabolum
1310 4799 1432 4908 genitum,
1456 4803 1482 4848 ct
1492 4809 1506 4846 a
1517 4798 1612 4849 rlrahele
1622 4799 1683 4850 alies
1691 4809 1761 4851 nates
1770 4803 1812 4864 qrti

1025 4858 1152 4909 «iecerint
1169 4859 1233 4909 hunc
1253 4872 1309 4908 mun
1326 4873 1376 4909 ιιιιι.
1395 4866 1421 4909 ιι
1440 4856 1496 4908 ideo
1512 4859 1626 4911 malitiam
1646 4874 1694 4911 nen
1712 4862 1812 4911 arbitrio

1026 4921 1146 5030 «bulbeis,
1168 4920 1213 4970 sed
1234 4928 1326 4971 nattrrae
1347 4921 1438 4981 mundi,
1462 4920 1537 4973 idest
1555 4924 1643 4986 generi
1661 4923 1811 4983 diabolico»

1022 4994 1082 5030 aes
1101 4990 1179 5031 auum.

1054 5042 1065 5074 ¹
1081 5048 1135 5091 tor.
1148 5049 1175 5092 et
1185 5039 1276 5105 aliquot
1286 5049 1349 5103 uss,
1369 5039 1519 5094 selemiam.
1533 5042 1639 5094 aliieum
1658 5051 1706 5103 er,
1725 5053 1813 5096 secun

1023 5101 1092 5176 dimi
1103 5115 1112 5153 .·
1123 5104 1328 5178 quorum-scilieet
1339 5106 1459 5169 princeps,
1467 5105 1611 5156 secundare
1621 5107 1753 5168 thilasnin,
1762 5109 1814 5170 rpi-
1827 5116 1829 5121 ·

1023 5164 1380 5300 ,mnrmfflffinffifl
1399 5227 1532 5301 appellant,
1544 5235 1634 5279 mutata
1644 5227 1722 5278 altera
1734 5227 1810 5280 vocali

1022 5300 1037 5337 ο
1048 5288 1072 5338 ln
1080 5300 1106 5348 o,
1115 5287 1290 5339 reluctantibus
1298 5291 1403 5353 antiquis
1412 5291 1547 5352 scripturis.

1056 5351 1066 5382 ¹
1083 5357 1117 5401 tta
1128 5351 1151 5400 ia
1164 5359 1216 5401 uss
1229 5358 1256 5402 at
1266 5351 1291 5400 in
1305 5353 1404 5402 excusis
1410 5352 1555 5402 describitur
1565 5351 1649 5403 istisne
1659 5350 1814 5402 heresisboc

1023 5410 1076 5461 lere
1087 5412 1158 5462 morlo
1171 5425 1177 5460 ε
1194 5429 1205 5458 ι
1217 5419 1376 5462 truncantem
1389 5412 1515 5464 colubrum
1532 5414 1574 5476 qui
1595 5412 1695 5485 decepit
1704 5411 1776 5462 udam
1787 5421 1815 5463 et

1026 5479 1129 5533 «eram,
1147 5473 1265 5522 christum
1280 5475 1425 5525 arbitrantur
1437 5487 1444 5523 ε
1456 5474 1502 5534 sed
1521 5474 1613 5524 balneat
1635 5481 1708 5524 etiam
1726 5485 1812 5522 rerum

1027 5532 1183 5592 «colubrum,
1199 5547 1273 5597 quent
1293 5537 1400 5585 nutriunt
1412 5543 1439 5585 et
1458 5542 1614 5586 uenerantur.
1633 5536 1675 5594 Qui
1687 5543 1713 5584 et
1731 5535 1812 5583 innan·

1027 5615 1037 5641 ι
1049 5602 1115 5644 tante
1123 5608 1150 5644 sa
1159 5596 1250 5646 enimc
1268 5596 1393 5658 egreditur
1402 5596 1434 5646 de
1445 5594 1569 5655 spelunca.
1583 5603 1608 5647 et
1616 5597 1725 5646 ascendit
1736 5609 1812 5657 super

1029 5675 1039 5704 ι
1050 5656 1136 5718 altare,
1149 5657 1256 5708 iuuixtnu
1268 5656 1400 5720 speluncae,
1413 5664 1436 5708 el
1448 5657 1582 5708 ululationes
1592 5671 1675 5708 cortun
1685 5655 1777 5718 innubit,
1787 5663 1829 5718 el,
