3938 6360
116 259 153 320 ιι
825 238 1043 299 ιιιιιιιιιιιι.
1719 241 1760 302 ‚g

154 371 198 428 ta.
214 366 371 428 dtabsuula
397 365 433 423 ibi
455 363 509 422 diei
533 361 701 420 ridebantur.
716 357 818 427 Quibus
831 369 906 412 asse·
962 354 1053 412 divino
1064 353 1147 412 cultui
1167 348 1340 414 devotissime
1353 355 1501 414 inserviunt
1512 372 1521 423 i
1534 353 1754 416 bonestisslmum

117 457 369 528 rentilrusilicmpe
393 454 519 518 inimicis,
540 452 658 525 qualibet
683 463 776 514 musa,
791 444 909 516 qualibet
962 454 1005 503 est
1024 445 1162 519 religionis
1182 462 1291 514 nomen,
1305 447 1591 520 et-praselarissitnum.
1611 447 1682 520 Quid
1705 451 1758 506 im-

118 554 232 618 ratione,
248 566 301 606 uon
311 549 383 604 enim
393 547 445 602 hoc
457 559 529 602 nunc
551 543 690 615 quaritur,
713 549 804 594 samen
818 535 908 607 inimi-
962 535 1037 606 pedit
1048 537 1155 593 tandem
1167 539 1326 609 perscrutari
1337 548 1418 610 atque
1429 539 1563 601 discutere
1572 541 1615 610 pia
1623 548 1652 598 et
1660 540 1756 600 udaia

120 646 169 702 cis.
181 643 249 701 Cum
263 642 389 714 legerem,
403 654 451 710 pcr
468 653 513 693 me
530 637 589 706 ipse
606 633 729 706 cognovi.
746 630 822 687 ltana
842 627 909 686 esti
963 626 1176 698 investigatione,
1190 636 1279 685 utrum
1292 628 1336 686 bic
1355 630 1470 689 sitillud
1489 630 1562 702 quod
1574 631 1761 689 sincerissime.

119 736 194 795 llulla
205 735 321 791 imbutus
331 731 435 804 poetica
445 723 778 798 discipliual'crentianuru
789 719 908 775 llaurura
963 730 1044 772 nosse
1056 723 1084 773 et
1097 717 1232 774 custodire
1255 734 1354 789 paucos
1368 734 1479 779 necesse
1501 730 1551 785 est,
1568 720 1675 778 etiamsi
1696 736 1756 780 om·

118 828 177 883 sine
187 824 315 897 magistro
338 821 474 892 attingere
487 832 539 874 non
554 814 666 871 auderes
677 829 685 880 ;
697 812 793 882 asper,
808 809 911 865 Coruu-
963 806 1036 863 ulum
1052 807 1078 862 in
1092 807 1117 863 td
1131 809 1249 879 gentium
1266 811 1387 866 rolunms
1400 801 1529 884 ferorque
1544 811 1702 884 conspiret?

119 927 173 982 tus,
184 912 392 973 Donamsetalii
403 907 609 966 innumerabiles
622 898 911 985 requiruntur,utqui-
1000 899 1043 956 la.
1063 899 1129 969 Qum
1150 916 1210 957 cum
1225 903 1259 956 ita
1274 903 1336 970 sint,
1352 903 1392 962 lac
1405 919 1464 972 nos,
1480 915 1510 961 ut
1523 905 1591 974 dixi,
1614 921 1685 974 nunc
1699 905 1757 977 prl-

119 1009 184 1065 libet
193 1016 270 1079 poeta
289 1004 375 1076 possit
392 1000 514 1072 intelligi,
537 997 614 1068 cujus
635 994 754 1052 carmina
770 1001 798 1048 ct
816 989 911 1045 theatri
964 1006 1037 1048 mum
1052 1007 1173 1062 quarere
1193 994 1300 1049 utrinam
1319 995 1439 1065 religioni
1453 997 1557 1051 animas
1571 1006 1678 1053 nostras
1692 1011 1757 1067 pur·

120 1104 228 1174 plausus
242 1099 498 1166 ridenturcaptare:
511 1099 540 1146 tu
565 1090 593 1146 in
604 1102 652 1145 eos
665 1087 770 1152 Libros,
784 1083 829 1156 qui
843 1096 911 1154 quo·

120 1207 174 1262 qua
186 1189 265 1244 modu
286 1202 316 1244 so
336 1185 461 1249 habeant,
487 1178 573 1237 sancti
593 1187 681 1235 ιιιιιιιι
700 1175 905 1244 diuinarumque

964 1083 1064 1155 gardas
1086 1085 1323 1156 instaurandasque
1344 1086 1480 1144 tradamus
1496 1105 1503 1142 :
1519 1087 1612 1158 procul
1639 1088 1758 1145 dubios

964 1175 1094 1233 catholica
1108 1177 1227 1234 Ecclesia
1247 1178 1405 1234 sumendum
1415 1181 1566 1240 exordium.
1582 1180 1756 1238 Plurcsenim

121 1298 210 1339 rernm
222 1279 303 1351 pleni,
323 1291 407 1348 prope
420 1274 500 1330 totius
511 1271 618 1344 generis
640 1269 749 1324 hirmani
762 1265 911 1323 confessio·
963 1267 1018 1338 jam
1039 1266 1183 1325 Christiani
1210 1278 1282 1337 sunt,
1297 1285 1377 1342 quam
1398 1269 1422 1327 sl
1443 1269 1530 1327 ludaei
1552 1270 1758 1327 simulacrorum

121 1389 156 1430 ue
169 1372 349 1435 dillamautur,
368 1367 425 1422 sine
437 1365 505 1420 duce
527 1361 616 1429 irruis,
638 1369 667 1415 ct
679 1360 713 1415 de
724 1357 907 1428 trissinepre·

120 1473 230 1534 ceptore
249 1459 331 1515 audes
350 1457 421 1513 iocre
446 1449 685 1520 ιιιιιιιιιίιιιιςιιιι
709 1451 733 1507 si
760 1449 806 1506 tibi
826 1447 912 1518 aliqua

120 1561 335 1620 occurruntque
357 1548 498 1604 rideantur
519 1543 647 1610 absurda,
677 1541 827 1597 tarditatem
840 1548 912 1593 tuam

122 1653 149 1699 et
171 1639 345 1713 putrelactum
371 1637 431 1691 tabo
451 1634 530 1705 liujus
557 1631 647 1688 mrtudi
675 1632 812 1695 animum,
829 1627 913 1698 qualis

122 1731 241 1786 orantium
254 1727 394 1784 stultorum
410 1731 459 1785 cst.
471 1737 582 1779 accusas
607 1721 795 1791 potiusquam
808 1732 854 1774 eos
868 1715 913 1786 qul

124 1821 237 1877 fortasse
262 1833 276 1872 ι
301 1817 397 1873 bilibus
414 1813 525 1884 intelligi
536 1813 691 1884 nequeunti
706 1810 846 1879 Quareres
869 1807 914 1861 ali·

122 1925 202 1984 quem
218 1909 289 1979 pium
300 1906 379 1961 simul
395 1904 550 1966 cidncturn,
566 1902 608 1956 rel
628 1901 672 1973 qni
686 1901 811 1955 talisesse
825 1899 915 1954 nutritis

124 1999 350 2060 consentientibus
364 1997 508 2060 diceretur,
534 1994 611 2065 cujus
625 2002 651 2049 ct
667 1992 807 2063 praeceptis
821 1992 916 2047 melior

124 2101 153 2148 et
166 2091 285 2146 doctrina
294 2087 403 2159 peritior
415 2087 503 2143 lieres.
515 2083 573 2140 Non
597 2082 674 2138 ircile
702 2081 890 2157 reperiebatur
901 2081 914 2135 t

124 2182 190 2241 Cum
202 2183 292 2239 labore
314 2179 527 2247 investigaretur.
554 2177 647 2231 Deerat
662 2175 688 2229 iu
702 2189 734 2229 ea
751 2182 821 2229 terra
836 2188 915 2243 ιμιιιιι

128 2272 284 2329 incolebas?
298 2272 362 2338 erar
376 2284 455 2323 causa
481 2267 572 2323 utilius
593 2274 702 2335 erigeret
728 2263 914 2336 peregrinari?

129 2365 157 2419 lu
170 2362 315 2419 continenti
340 2374 449 2430 prorsus
475 2357 584 2421 latebat,
603 2365 650 2411 aut
673 2368 725 2409 rron
747 2351 914 2409 crathnrl·

127 2463 244 2528 garetur.
254 2454 282 2509 si
294 2454 319 2507 in
331 2451 479 2522 propinqua
488 2460 560 2504 trans
574 2463 647 2502 marc
658 2461 712 2500 nrrn
721 2444 914 2509 inveniebatur,

129 2545 326 2619 progredereris
340 2556 425 2612 usque
446 2541 479 2596 ad
491 2541 553 2599 illas
564 2549 659 2604 terras,
669 2537 695 2592 iu
705 2537 801 2608 quibus
814 2550 845 2591 ca
859 2550 918 2606 quar

127 2638 180 2693 illis
192 2636 278 2692 Libris
288 2633 465 2694 continentur.
478 2640 551 2702 gesta
565 2643 625 2685 csse
634 2628 769 2684 dicuutur.
780 2625 849 2696 Quid
866 2625 918 2682 tale

127 2729 248 2794 lucinum
272 2724 473 2782 llonoratellit
498 2732 585 2778 tarncn
624 2720 779 2790 religionem
802 2716 918 2773 sortasse

127 2816 345 2888 sanctissimam(
360 2814 445 2869 adlruc
458 2814 530 2870 euim
539 2811 615 2882 quasi
633 2808 809 2866 dubitandum
823 2808 861 2863 sit
876 2805 916 2863 lo-

126 2927 195 2982 quor
208 2908 230 2981 ),
242 2908 317 2980 eujus
327 2908 417 2978 opinio
432 2916 514 2960 tntum
522 2904 578 2977 jam
589 2913 719 2960 terrarum
731 2901 825 2958 orbem
836 2915 920 2956 occu·

127 3001 210 3073 parit,
225 2998 367 3055 miserrimi
382 2996 456 3067 pueri
469 3010 517 3066 pro
532 3004 624 3049 inostro
636 2992 748 3048 arbitrio
767 2990 920 3060 judicioque

127 3090 324 3168 damnarimus.
338 3086 419 3156 Quid,
433 3086 455 3142 si
464 3086 508 3142 illa
533 3100 593 3155 quau
615 3081 759 3139 nonnullos
783 3080 920 3152 impuritas

128 3179 156 3237 iu
168 3180 269 3237 eisdem
283 3176 428 3250 scripturis
439 3174 563 3231 ridentur
583 3171 729 3236 offendere,
742 3185 776 3228 ea
802 3181 865 3227 sunt
883 3171 920 3227 ita

129 3271 224 3343 posita,
238 3280 332 3326 uicum
342 3267 680 3325 resabltorrentcsascusu
690 3263 922 3334 qualiumcumque

130 3361 278 3429 bominum,
294 3361 392 3416 nedum
414 3356 584 3429 prudentium
599 3363 688 3427 atque
709 3362 872 3419 sanctorum,
884 3351 922 3407 lc·

130 3463 266 3525 gerentur,
282 3460 412 3507 secretam
426 3447 648 3520 significationem
671 3443 756 3500 multo
775 3440 922 3498 studiosius

129 3541 332 3615 quereremus?
345 3539 438 3604 Nonne
463 3537 562 3602 cernis,
584 3542 614 3590 ut
632 3533 795 3590 Cauniitum
814 3530 921 3587 liucoli·

130 3651 224 3691 corum
245 3635 274 3701 ¹,
295 3633 337 3689 cui
364 3640 456 3704 pastor
475 3629 560 3684 durus
581 3625 696 3693 effluxit,
717 3622 849 3681 eoueutur
875 3621 923 3679 lra-

131 3727 217 3784 miues
229 3722 409 3795 interpretari,
423 3730 452 3778 et
470 3718 576 3776 Alexim
585 3731 709 3789 puerum,
725 3715 752 3771 ln
764 3729 843 3786 quern
859 3713 924 3770 l‘le·

133 3829 162 3875 to
175 3815 256 3877 etiam
277 3829 388 3874 carmen
410 3811 571 3870 amatorium
584 3808 680 3866 iecisse
694 3805 811 3874 dicitur,
832 3804 924 3862 rucio

132 3911 197 3984 quid
207 3925 331 3982 nragnum
349 3907 511 3979 significare,
535 3901 583 3960 scd
597 3899 782 3972 imperitorum
792 3897 923 3970 judicium

134 4005 224 4076 sugere
236 4003 385 4067 altirrncnt;
398 4013 460 4054 cum
471 3995 590 4076 sineullo
597 3991 737 4064 sacrilegio
748 3997 825 4060 poeta
844 3988 929 4044 uber-t

134 4096 218 4152 rimus
248 4091 330 4149 rideri
363 4091 447 4161 possit
474 4085 628 4143 libidinosas
658 4080 842 4139 cantiunculas
864 4077 923 4135 cdi·

133 4183 229 4241 dissei

171 4272 215 4326 ts.
233 4268 287 4324 Sed
307 4281 399 4323 reuera
419 4264 559 4320 recocabat
574 4276 623 4317 runa
643 4270 724 4332 atque
739 4257 923 4331 prolaibrbara

135 4357 349 4432 quaterdeno
369 4357 481 4424 alicujus
501 4354 568 4424 legis
581 4355 694 4419 sanctio,
719 4362 764 4407 ant
778 4351 925 4407 adersta-

138 4452 201 4506 tium
225 4445 352 4518 patentia,
375 4454 422 4500 aut
441 4450 605 4498 sacraturum
620 4443 631 4474 ¹
648 4455 762 4511 persona
790 4440 859 4505 uilis,
881 4447 928 4493 aut

136 4545 204 4600 lima
219 4541 312 4611 turpis,
325 4548 371 4593 aut
384 4533 556 4592 institutionis
566 4537 679 4599 rrorttas,
692 4541 738 4587 aut
751 4531 853 4586 occulta
867 4544 928 4599 pro-

137 4632 235 4692 fessio?
246 4631 316 4687 iiiiii
329 4632 424 4685 luorum
435 4633 487 4682 est.
502 4621 596 4680 Omnia
606 4621 695 4678 diviua
706 4629 733 4676 ιι
742 4619 857 4675 bumana
868 4619 928 4688 jura

136 4725 293 4797 permittunt
313 4715 436 4792 quaerere
448 4713 606 4773 catholicam
620 4711 719 4776 idem;
734 4718 828 4765 tenere.
839 4715 928 4764 autem

136 4825 164 4873 ct
177 4816 275 4879 colere,
289 4828 339 4884 pur
359 4811 505 4865 humanum
524 4814 599 4863 certe
609 4804 654 4876 jus
667 4804 742 4869 licet,
756 4802 780 4857 si
791 4800 826 4856 dc
839 4799 929 4856 diviua

136 4907 261 4981 quamdiu
281 4919 413 4969 erramus,
430 4903 561 4960 incertum
580 4907 623 4958 est
636 4917 644 4956 ι
657 4912 738 4957 uerno
760 4893 940 4961 inbecillita

138 5011 191 5058 tem
204 5009 321 5055 nostram
334 5004 417 5053 terret
429 4993 552 5051 iuimicus
564 4997 725 5065 (quanquam
737 4987 838 5044 rc'ritas
850 4996 930 5056 atque

137 5108 233 5148 arctare
247 5088 355 5147 salassi
371 5085 643 5161 diligenterquusiu,
655 5082 702 5139 ubi
712 5079 845 5137 tutissime
856 5076 928 5144 licet,

142 5185 247 5241 inuenta
259 5196 312 5237 non
324 5177 413 5246 iuuerit,
425 5192 486 5233 cum
501 5175 596 5246 quouis
616 5172 770 5230 discrimine
779 5167 863 5240 quari
883 5164 931 5223 de·

138 5274 228 5345 beat);
243 5271 361 5329 omniurn
372 5267 527 5340 dignitatum
540 5272 568 5322 ct
582 5271 743 5336 pmustatum
752 5257 858 5332 gradu,
870 5252 931 5312 lauic

170 5452 178 5483 ¹
197 5449 265 5508 sutri,
276 5444 421 5499 cremium
434 5440 580 5495 bucelinum
589 5446 690 5502 utilas..
699 5443 843 5491 τιιιιιιιιιιιιι
855 5444 931 5489 duca

139 5508 489 5578 dcerutrt.eatartrltuslrlc,quo
500 5505 597 5554 uoruiue
605 5515 666 5566 quaer
678 5500 817 5573 multocius
824 5504 930 5557 romtur.

140 5571 312 5633 urtelligeudus
320 5572 372 5633 ipso
383 5567 466 5618 aleris
476 5579 547 5630 puer,
557 5564 589 5615 de
596 5576 645 5627 quo
652 5560 764 5627 virqdlus
773 5572 799 5611 tu
807 5557 931 5620 bucolicis,

51 5668 56 5675 f
105 5685 109 5689 ,
139 5631 218 5693 eclog.
231 5631 253 5682 2.

173 5697 181 5725 ¹
199 5687 678 5748 tirusuiclraalissiuscodcc,aetolorum.

965 1359 1111 1417 cultoribus
1130 1360 1317 1432 adjungantur.
1335 1361 1496 1418 Eorumdem
1519 1369 1608 1419 autem
1627 1360 1771 1417 Cbristia·.

967 1466 1072 1518 nomm,
1088 1465 1148 1508 cum
1171 1453 1225 1508 siut
1249 1453 1366 1510 hereses
1388 1454 1487 1527 plures,
1510 1461 1591 1525 atquc
1611 1467 1707 1510 omues
1728 1466 1770 1509 se.

966 1541 1113 1623 catbolieos
1124 1543 1209 1600 uelim
1226 1544 1322 1613 rideri,
1334 1545 1453 1616 aliosque
1466 1555 1564 1616 prater
1574 1559 1605 1602 se
1619 1544 1760 1602 lucretium

967 1634 1114 1701 nominent,
1130 1651 1182 1691 una
1200 1644 1243 1692 est
1262 1635 1392 1706 Ecclesia,
1406 1645 1435 1692 ut
1447 1651 1541 1694 omues
1552 1635 1720 1705 coaceduut3
1735 1637 1771 1694 sl·

967 1731 1054 1780 totum
1073 1725 1166 1782 orbem
1188 1727 1359 1795 consideres,
1382 1727 1505 1783 refertior
1524 1727 1771 1793 multitudinum.

967 1823 1055 1870 autern
1065 1816 1249 1888 quinoreruut
1258 1816 1402 1886 alllrmant,
1416 1817 1620 1874 etiamrcritate
1629 1816 1771 1875 sincerior.

968 1908 1073 1964 ceteris
1094 1909 1227 1966 omnibus.
1242 1908 1296 1966 Sed
1317 1910 1352 1966 dc
1364 1910 1479 1966 scritate
1492 1909 1543 1965 alia
1558 1908 1672 1981 quaestio
1694 1917 1737 1966 eat
1751 1925 1774 1967 :a

968 1999 1038 2069 tuod
1053 2008 1141 2058 autem
1154 2001 1336 2073 querentibus
1347 2001 1412 2057 satis
1426 2009 1477 2068 est,
1491 2015 1544 2056 una
1556 2010 1599 2056 est
1610 1999 1774 2065 Catholicae..

968 2090 1010 2145 cui
1032 2089 1150 2148 haereses
1173 2092 1232 2147 aliae
1253 2091 1360 2148 diversa
1382 2093 1490 2147 nomina
1515 2091 1673 2160 imponunt,
1697 2104 1776 2146 ιιιιιι.

970 2180 1033 2251 ipsc
1047 2181 1158 2253 singulae
1172 2182 1287 2253 propriis
1300 2182 1447 2248 vocabulis,
1462 2197 1521 2251 quc
1535 2196 1632 2252 negare
1646 2196 1699 2237 nou
1713 2195 1773 2242 au·.

970 2272 1061 2337 deaut,
1076 2273 1252 2344 appellentur.
1268 2272 1306 2328 lla
1321 2287 1375 2344 quo
1388 2266 1500 2343 intelligi
1514 2272 1601 2335 dntrtr,
1615 2270 1776 2343 judicanti,

971 2363 1019 2420 bus
1032 2364 1139 2420 arbitris
1160 2378 1227 2435 qnos
1248 2364 1318 2420 nulla
1342 2364 1452 2435 impedit
1468 2364 1564 2435 gratia,
1577 2364 1619 2419 cul
1641 2364 1677 2418 sit
1691 2365 1699 2397 ¹
1715 2377 1762 2420 ca·

972 2454 1099 2509 tirolicunr
1121 2469 1230 2521 nomen,
1244 2453 1279 2514 ad
1291 2454 1362 2525 quod
1376 2468 1471 2510 omues
1491 2454 1621 2519 antbiuut
1644 2454 1773 2511 tribaca·-

971 2545 1044 2600 dum.
1064 2543 1118 2601 Sed
1131 2560 1165 2601 nc
1179 2544 1205 2600 id
1220 2544 1407 2616 loquacissime
1418 2552 1465 2600 aut
1484 2542 1619 2614 supcrtluo
1630 2543 1777 2615 quispiam¹

971 2635 1154 2693 disserendum
1176 2643 1261 2706 putet,
1276 2650 1327 2690 una
1340 2643 1383 2691 est
1401 2643 1486 2702 certe,
1500 2634 1600 2705 inqua
1615 2635 1680 2705 ipsae
1691 2647 1776 2705 quo·¹

971 2726 1032 2783 dam
1059 2726 1139 2783 modo
1164 2727 1245 2783 eiiam
1269 2726 1393 2782 humanae
1417 2725 1492 2797 leges
1513 2724 1666 2780 cluristiauae
1690 2733 1777 2786 suut„

968 2819 1078 2892 ,Nullum
1090 2833 1141 2890 ego
1152 2818 1216 2874 binc
1225 2817 1407 2890 praejudicium
1419 2816 1478 2874 lieri
1486 2816 1556 2884 rulo,
1567 2814 1615 2874 sed
1624 2815 1778 2877 exordium

972 2912 1108 2989 quaerendi
1132 2912 1387 2983 opportunissimum
1408 2909 1509 2981 judico.
1532 2908 1592 2966 Noa
1614 2909 1686 2966 enlm
1709 2923 1766 2966 ιιι·

974 3005 1099 3061 terendum
1111 3012 1154 3061 ost
1168 3018 1201 3060 ne
1215 3019 1293 3060 verus
1307 3003 1353 3059 liei
1364 3001 1452 3059 cultus
1463 3001 1537 3058 uuila
1551 3000 1658 3071 pmprio
1668 2999 1780 3067 robam,

974 3097 1090 3164 innixus,
1105 3096 1139 3152 ab
1160 3096 1200 3153 eia
1213 3110 1282 3167 quos
1302 3093 1397 3152 iulcire
1417 3092 1524 3161 debeat,
1544 3090 1692 3149 fulciendus
1704 3105 1766 3150 usu

976 3190 1097 3246 rideatur
1112 3206 1119 3243 :
1135 3188 1182 3244 sed
1194 3197 1269 3244 certe
1280 3186 1406 3258 periectce
1418 3184 1551 3242 ielicitatis
1565 3185 1654 3251 est,.sl
1669 3190 1780 3259 puin-q

974 3284 1009 3339 rit
1021 3282 1056 3339 iii
1071 3297 1163 3339 rerum
1178 3278 1301 3348 inueniri,
1315 3279 1359 3336 ubi
1371 3286 1400 3335 et
1411 3275 1548 3348 lnquisitio
1558 3276 1619 3345 ejus
1631 3282 1665 3346 et¹
1672 3283 1781 3333 raim-2

975 3374 1012 3428 tia
1032 3372 1214 3430 securrissima
1229 3378 1272 3428 est
1285 3386 1293 3424 ε
1308 3369 1330 3425 si
1352 3382 1406 3424 nou
1429 3366 1555 3438 potuerit,
1577 3372 1633 3421 tum
1657 3363 1780 3423 demun

975 3465 1038 3530 alio,
1057 3476 1225 3535 quocumque
1240 3461 1369 3534 periculo,
1392 3457 1543 3516 adeundum
1564 3465 1645 3531 atque
1665 3457 1779 3515 riman

975 3555 1049 3613 dtrnt.
1331 3597 1334 3602 ,
1663 3575 1664 3578 ¹
1684 3571 1690 3584 ν
1775 3586 1779 3599 .

1011 3646 1124 3706 CAPUT
1143 3645 1210 3703 lllll.
1222 3676 1259 3688 -
1270 3644 1315 3703 ΞΟ.
1337 3644 1395 3715 Quo
1407 3620 1565 3717 Augustinus
1578 3641 1618 3698 oio
1629 3641 1722 3699 renuit
1732 3644 1769 3698 cd

976 3741 1126 3799 catholicum
1144 3738 1301 3811 relipionem.
1316 3735 1365 3793 liis
1378 3735 1459 3808 igitur
1476 3734 1638 3801 constitutis,
1653 3746 1724 3804 quae,
1736 3741 1778 3790 at-

976 3831 1080 3903 opinor,
1095 3831 1131 3887 ita
1142 3829 1214 3903 justa
1227 3837 1300 3897 sont,
1313 3835 1343 3884 at
1351 3827 1474 3885 obtinere
1491 3825 1562 3896 apud
1575 3834 1601 3882 te
1613 3823 1690 3881 iatam
1701 3836 1767 3882 cau·

976 3936 1033 3979 sam
1056 3922 1150 3994 quovis
1162 3919 1315 3977 aduersario
1340 3917 1463 3984 debeam,
1481 3916 1559 3972 edam
1583 3915 1640 3983 titi,
1660 3922 1690 3972 at
1708 3928 1770 3987 pos·

977 4031 1047 4084 sum,
1074 4011 1222 4087 curlusmudi
1242 4011 1313 4068 riam
1338 4024 1403 4068 usus
1425 4011 1531 4077 luerim,
1547 4025 1608 4065 eum
1630 4023 1663 4066 eo
1677 4008 1769 4066 atrimo

977 4121 1124 4181 qrrccrcrem
1136 4119 1226 4162 reram
1241 4101 1407 4175 religionem,
1426 4115 1480 4172 quo
1499 4115 1570 4156 nunc
1583 4098 1693 4172 exposui
1708 4113 1770 4157 esee

978 4198 1158 4273 quarendum.
1183 4195 1219 4254 tlt
1232 4191 1422 4252 enintarobis
1444 4200 1517 4246 trans
1538 4205 1613 4246 nrarc
1630 4189 1769 4258 abscessi,

976 4294 1032 4363 jam
1043 4288 1244 4348 cunctabundus
1257 4294 1338 4356 atquo
1350 4284 1486 4350 hesitans,
1507 4279 1570 4353 quid
1584 4281 1649 4337 milri
1670 4289 1766 4338 tenen-

978 4386 1054 4450 dum,
1067 4379 1130 4454 qu²d
1142 4374 1326 4436 dimittendum
1336 4380 1408 4432 esset
1423 4387 1505 4444 :quae
1516 4370 1582 4427 mibi
1595 4372 1730 4429 cunctatio
1741 4371 1770 4429 Ιιι

979 4475 1038 4530 dics
1052 4470 1136 4542 major
1149 4467 1330 4533 oboriebatur,
1345 4479 1380 4521 ex
1399 4479 1452 4536 qun
1464 4462 1538 4519 illum
1562 4462 1698 4519 bominem
1718 4461 1769 4538 (a),

980 4565 1056 4635 cuijus
1077 4561 1154 4618 nobis
1167 4556 1309 4624 advertitis,
1321 4565 1350 4612 ut
1362 4554 1442 4622 uasti,
1457 4553 1491 4610 ad
1505 4551 1665 4624 explicanda
1679 4556 1769 4612 omnia

982 4669 1042 4726 quse
1056 4665 1106 4709 nos
1128 4648 1280 4713 merebant,
1304 4645 1379 4718 quasi
1394 4644 1428 4701 de
1451 4643 1521 4700 cerlo
1543 4644 1771 4715 pronrittebatur,

981 4741 1067 4800 audiri
1079 4759 1088 4808 i
1102 4751 1227 4809 curaque,
1248 4743 1359 4806 excepta
1374 4733 1488 4806 quadam
1509 4733 1673 4804 eloquentia,
1689 4734 1770 4792 talem

981 4832 1074 4906 «quales
1094 4839 1206 4888 ceteros
1226 4842 1287 4886 esse
1298 4825 1410 4898 cognovi
1426 4841 1434 4880 c
1449 4824 1580 4880 rationem
1594 4823 1651 4894 ipse
1665 4838 1772 4882 mecum

982 4923 1062 4980 habui
1077 4933 1252 4995 magnamque
1269 4914 1486 4974 deliberationum
1499 4913 1555 4984 jam
1568 4912 1594 4967 in
1617 4911 1690 4969 ltalia
1704 4928 1763 4971 con

983 5015 1101 5083 stitutus,
1116 5026 1170 5069 non
1184 5021 1273 5068 utrum
1294 5019 1430 5063 manerem
1443 5004 1469 5060 in
1485 5004 1528 5059 illa
1550 5011 1633 5068 secta,
1650 5003 1676 5058 iu
1690 5017 1772 5074 quam

983 5123 1026 5164 me
1046 5103 1172 5163 incidisse
1194 5098 1350 5173 pmnitebat,
1371 5095 1419 5153 sul
1442 5108 1557 5166 quonam
1578 5093 1659 5149 modo
1680 5109 1774 5150 renutu

983 5197 1171 5258 inveniendum
1183 5202 1266 5261 mser,
1290 5192 1317 5246 iu
1338 5189 1414 5260 cujus
1435 5200 1555 5242 amorem
1579 5184 1693 5255 suspiria
1709 5199 1771 5242 met

983 5291 1051 5350 nulli
1062 5289 1158 5351 mellus
1177 5301 1257 5359 quam
1271 5281 1318 5338 tibi
1332 5288 1395 5337 nota
1407 5287 1479 5334 sont.
1494 5278 1572 5348 sepe
1585 5276 1649 5330 milri
1664 5275 1775 5332 rideba-

983 5395 1027 5442 tur
1037 5396 1090 5441 ιιοιι
1101 5388 1180 5454 posse
1192 5374 1315 5441 inueniri,
1327 5371 1469 5444 magnique
1480 5369 1574 5426 lluctus
1584 5366 1777 5439 cogitationum

983 5490 1103 5534 mearum
1126 5472 1153 5529 ln
1183 5465 1402 5527 Academicorum
1430 5459 1584 5532 strdmgium
1611 5457 1782 5516 iemlrantur..

1016 5613 1025 5645 ¹
1042 5605 1152 5661 amantii
1163 5613 1225 5664 tiss,
1237 5599 1301 5677 quud
1312 5598 1384 5667 risit.

1015 5671 1053 5736 (ιι)
1065 5675 1184 5730 mentun,
1193 5676 1224 5716 er
1237 5658 1431 5728 unicornuus,
1442 5653 1528 5718 upa.
