3938 6360
279 286 328 353 ιιι

279 422 336 459 rnm
349 406 445 459 actione
458 404 571 474 fidelibus
583 401 604 474 (l
616 402 680 456 Tine.
695 419 736 467 tt,
753 401 823 473 bb).
837 401 976 472 Nunquam
990 403 1066 471 plane

280 498 325 552 tibi
339 512 389 566 ego
401 496 457 550 haec
469 497 502 550 ab
515 494 641 564 apostolo
653 494 723 549 dicta
735 510 795 548 esse
809 495 1000 558 consenserim,
1016 493 1067 548 nisi

279 597 355 642 antea
368 587 518 642 cunhtearis
531 587 597 655 ipse,
612 585 719 657 llopsen
732 594 760 639 et
774 584 920 653 Prophetas
934 584 1068 639 doctrinas

278 678 399 732 attulisse
412 677 622 741 daemomonum,
638 685 665 730 ct
678 674 819 730 seductorii
839 673 946 743 spiritus
958 687 990 728 ac
1012 687 1068 727 trra-

281 768 343 837 liqni
358 767 440 823 luisse
453 769 629 838 interpretes,
642 767 686 836 qui
700 782 715 821 a
732 765 837 835 porcina
852 774 879 820 et
890 765 997 820 ceteris
1008 780 1068 818 car-

280 860 375 925 trihus.
389 874 454 930 (litas
467 860 616 915 immundas
629 867 740 926 rocam,
756 859 869 914 sollicite
881 857 994 912 doceant
1005 858 1069 913 abs·

281 948 430 1004 tinendum.
453 950 491 1005 lle
505 949 545 1004 his
557 964 622 1018 erpo
636 949 720 1018 primo
728 949 926 1004 deliberandum
934 947 1067 1013 nobiscst,

279 1049 306 1095 et
318 1040 364 1094 din
384 1050 548 1110 nnntnmque
561 1040 746 1109 cogitandum,
770 1040 827 1095 huc
838 1039 882 1110 qni
897 1038 1012 1095 debeant
1025 1054 1069 1094 ae-

278 1128 331 1197 eipi
342 1129 369 1193 ¹,
385 1129 412 1182 iu
428 1129 515 1184 [leone
529 1129 579 1197 ipsi
599 1129 672 1196 huc,
693 1145 727 1183 an
741 1129 767 1183 in
781 1128 914 1184 demonio
934 1128 1015 1183 locuti
1027 1127 1068 1183 vi·

278 1218 400 1274 deantur.
415 1218 471 1274 llac
484 1220 553 1274 enim
568 1229 709 1286 tenns,aut
720 1219 824 1291 ilopses
833 1228 860 1274 et
872 1219 1010 1288 Prophetae
1021 1233 1070 1275 no·

278 1309 380 1365 ltisenm
392 1310 509 1365 damnati
529 1321 624 1374 erunt,
639 1320 685 1365 ant
697 1320 724 1366 et
737 1327 785 1365 nos
799 1326 859 1364 cum
874 1311 925 1364 illis
943 1309 1066 1365 absoluti.

277 1398 369 1469 Neque
383 1400 453 1454 cnim
466 1400 535 1470 justa
559 1401 614 1455 hacc
628 1416 697 1454 ιιιιιιο
716 1409 803 1455 restra
815 1394 945 1453 sententia
966 1408 1022 1464 est,
1040 1408 1069 1454 ut

277 1504 327 1544 nos
341 1489 459 1560 quidem,
471 1492 514 1560 qni
527 1491 611 1546 solum
625 1492 651 1544 in
665 1491 741 1561 plebe
754 1489 918 1545 ntcerdutale
932 1490 1068 1546 hominnm

276 1594 361 1648 gertus
381 1597 538 1636 censeamus
551 1597 566 1635 a
581 1582 705 1637 carnibus
727 1583 859 1637 abstinere
881 1581 995 1644 debere,
1011 1580 1067 1635 de-

277 1671 428 1724 moniorum
442 1672 569 1726 doctrime
583 1671 720 1726 rideantur
729 1671 803 1725 tobis
817 1679 992 1725 assecutores
1004 1687 1011 1725 ε
1023 1685 1068 1726 tc-

259 1812 265 1821 ,
277 1767 348 1814 atros
362 1775 427 1815 rcro
442 1761 597 1831 Prophetas,
614 1769 693 1831 atque
707 1762 792 1832 iprum
808 1761 875 1816 adeo
887 1761 1005 1833 hiopsen,
1022 1761 1067 1831 qni

277 1850 378 1916 primus
393 1864 445 1905 non
461 1851 623 1906 antistitibus
635 1851 738 1916 solum,
753 1852 798 1905 sed
813 1852 885 1905 omui
899 1850 1007 1908 eortiuse
1019 1851 1068 1906 ho·

276 1941 376 1995 minum
395 1943 486 2011 generi
500 1943 575 1997 snilla
590 1942 773 2009 interdixerit,
786 1952 814 1999 et
828 1943 962 2012 leporina,
977 1953 1003 1998 οι
1016 1942 1066 1999 hc·

274 2030 379 2085 ricina¹
394 2046 483 2097 cartre,
499 2043 526 2088 et
538 2033 619 2102 sepiis
630 2048 661 2087 ac
671 2034 841 2105 lolliginibus,
855 2035 1009 2104 caeterisque
1019 2050 1065 2106 pe·

273 2121 382 2177 neribus
395 2122 505 2192 piscium
517 2123 669 2178 carentibus
682 2139 791 2194 squama
804 2125 894 2194 (droit.
912 2127 959 2196 nt),
973 2141 1025 2181 non
1037 2126 1064 2181 in

273 2212 367 2281 spiritu
379 2213 530 2270 seductorio
543 2214 611 2280 hnc,
626 2230 674 2269 nec
684 2215 710 2269 in
721 2215 840 2269 doctrina
852 2215 1063 2282 dannmniorum,

273 2300 320 2355 sed
333 2301 359 2355 in
374 2302 428 2356 Deo
440 2303 526 2371 potins
539 2311 566 2357 et
579 2303 604 2357 iti
617 2313 710 2360 sancto
722 2304 821 2374 Spiritu
835 2305 936 2359 locutos
950 2319 1009 2360 esse
1021 2320 1064 2360 ar·

271 2389 510 2463 bitremini.lqitur
518 2402 545 2446 ιιι
553 2393 657 2447 ltoetihl
667 2394 771 2449 interim
781 2394 890 2449 Paulum
898 2395 996 2455 dixisse
1004 2409 1064 2451 con-

272 2481 382 2547 codam,
394 2483 479 2538 rictus
492 2492 580 2537 tatncn
593 2484 640 2539 ahs
655 2492 680 2540 ιο
691 2500 743 2540 non
755 2494 816 2541 ante
830 2484 924 2551 lucro,
939 2501 1018 2556 quam
1034 2496 1062 2543 tu

271 2569 380 2642 binysen
394 2572 562 2628 thmnavcris
582 2583 609 2628 ct
631 2573 778 2644 Prophetas
795 2593 801 2628 :
817 2583 846 2630 nt
865 2575 935 2645 quod
959 2577 1062 2634 rationc

272 2661 411 2718 conitiens
430 2673 458 2719 et
472 2665 584 2719 acritate
607 2680 741 2735 nunqnam
766 2653 878 2721 iactasse
893 2665 1020 2735 fecisses,
1037 2668 1063 2724 id

271 2765 342 2806 nune
368 2753 470 2808 ventris
494 2768 574 2809 cansa
600 2751 688 2809 iacere
712 2753 851 2823 ridearis,
879 2755 1063 2827 blasphemare

210 2839 216 2854 '
271 2841 390 2912 lloysen.
1042 2880 1043 2883 =

302 2931 418 2989 catut
432 2933 559 2989 ll.-Est
567 2950 630 2990 rcro
638 2945 666 2990 et
675 2935 747 2991 aliud
757 2934 789 2990 de
799 2934 883 2990 tribus
895 2936 983 3006 pueris
992 2950 1042 3006 apn

268 3039 318 3080 ros
332 3026 358 3080 in
381 3025 505 3091 baniolo,
529 3040 583 3097 qno
597 3026 768 3082 reltementer
780 3026 890 3096 perinde
911 3024 1059 3083 contunde·

269 3116 352 3179 tnini,
367 3116 389 3171 si
407 3115 475 3171 istud
488 3116 655 3181 constiterit,
671 3131 684 3168 a
700 3117 767 3170 cibis
786 3116 937 3185 abstinere,
958 3115 1060 3172 daemo-

270 3206 374 3259 niorum
388 3218 448 3261 esse
460 3204 562 3274 religio.
579 3204 619 3259 tttt
633 3205 703 3260 enirn
720 3219 773 3260 non
787 3213 888 3259 tautum
900 3206 934 3260 ab
948 3205 1059 3261 interdi-

268 3296 320 3349 ctis
332 3295 419 3365 Lege,
433 3294 480 3349 sed
494 3295 573 3348 etiam
588 3309 604 3350 n
617 3295 752 3350 concessis
763 3295 922 3351 abstinuisse
936 3296 1059 3369 leguntur

269 3383 351 3454 (Dru.
366 3399 390 3449 t,
405 3383 450 3452 ld)
467 3399 474 3436 ;
490 3398 556 3453 quos
570 3383 741 3440 concinenter
760 3385 850 3440 mirari
869 3385 977 3451 soletis,
992 3394 1020 3441 et
1032 3385 1058 3441 in

270 3471 430 3544 martyribus
438 3487 593 3539 numerare,
602 3488 661 3529 enm
671 3475 725 3530 sint
735 3483 762 3530 et
774 3474 824 3544 ipsi
832 3474 977 3531 doctrinam
986 3491 1059 3533 asso·

268 3563 322 3617 cuti
335 3562 545 3630 demoniorum,
561 3565 583 3618 si
604 3565 654 3620 hoc
672 3580 732 3620 esse
744 3567 863 3636 Apostoli
879 3569 1057 3626 testimoninm

269 3661 383 3707 constat.
392 3652 432 3707 td
445 3652 503 3709 bac
514 3665 542 3710 et
550 3655 640 3710 Daniel
655 3655 712 3727 ipse
725 3656 809 3710 tribus
822 3656 1059 3717 hebdomadisdie·

269 3757 329 3796 rnm
339 3741 473 3812 ieiunasse
487 3758 517 3799 se
531 3744 661 3814 perhibet,
675 3753 703 3799 et
714 3759 821 3801 earnem
835 3761 887 3801 non
898 3747 995 3814 edisse,
1007 3765 1058 3806 nce

270 3834 368 3889 bibisse
378 3835 479 3902 vinum,
490 3835 553 3890 dum
569 3848 691 3892 exoraret
704 3853 752 3908 pro
766 3839 864 3908 populo
888 3853 937 3895 suo
951 3840 962 3915 (
974 3840 1017 3897 ld.
1029 3860 1057 3910 s,

268 3925 992 3999 zoluntaergoettttetndoetrtnnsedemontorum
1003 3949 1059 3988 ma-

267 4015 388 4085 gnificat,
410 4024 438 4072 ct
449 4016 483 4073 de
494 4017 637 4073 seductorii
650 4017 758 4088 spiritus
779 4030 932 4077 commento
944 4022 1055 4094 gloriam

267 4107 377 4177 captati

301 4194 413 4255 CAPUT
428 4197 471 4253 lll.
481 4199 562 4254 -lic
575 4198 650 4254 robis
661 4214 724 4256 rem
735 4200 797 4271 quid
811 4201 914 4258 dicam?
925 4203 950 4258 id
961 4213 1010 4271 est,
1022 4205 1056 4263 de

265 4288 497 4345 christianioribus
516 4289 586 4360 apud
599 4305 663 4357 vos,
677 4305 789 4360 quorum
811 4293 930 4348 nonnulli
949 4295 1055 4365 quidem

267 4379 392 4448 porcina,
409 4378 529 4449 plerique
541 4395 606 4435 veto
624 4380 794 4451 quadrupede
813 4381 903 4447 omni,
916 4383 960 4438 alii
975 4385 1055 4439 etiam

266 4476 362 4520 cuncto
376 4465 482 4522 attitnali
501 4470 604 4537 penitus
617 4469 767 4533 abstinent,
788 4471 890 4541 fertque
903 4472 938 4525 oh
957 4472 1007 4529 hoc
1029 4475 1055 4530 in

265 4554 350 4609 oculis
361 4569 408 4610 eos
420 4556 507 4612 omnis
518 4558 643 4623 Ecclesia,
658 4567 684 4613 ct
698 4574 800 4614 summa
811 4575 872 4616 cnm
883 4563 1055 4621 ueneratione

265 4643 423 4712 suscipiens,
434 4645 520 4700 solnm
533 4663 585 4702 nou
597 4647 662 4702 deos
673 4649 817 4704 existimat.
830 4649 886 4706 Nec
899 4653 1002 4718 ridetis,
1015 4655 1056 4709 in·

266 4733 377 4800 dociles,
390 4736 451 4804 quia
464 4736 485 4790 si
497 4735 550 4792 hoe
563 4754 665 4805 rernm,
680 4751 707 4794 et
718 4741 752 4795 ab
767 4743 893 4811 ‚sporatio
905 4744 1004 4800 dictum
1017 4757 1054 4803 tc·

264 4825 418 4879 stimonium
429 4834 479 4892 est,
491 4826 681 4883 demoniorum
696 4844 722 4884 et
734 4830 781 4901 ipsi
793 4842 855 4888 snut
866 4832 991 4890 lttdiilotti
1006 4836 1054 4892 do·

263 4915 366 4970 ctrinis.
378 4915 446 4984 Quid
461 4932 524 4971 sero
541 4927 567 4972 ct
580 4918 614 4973 de
627 4919 672 4973 illo
685 4919 820 4987 dicemus,
834 4924 904 4993 quod
918 4940 982 4980 sanc
997 4928 1052 4983 im·

263 5006 341 5061 strati
353 5007 412 5075 quis
422 5007 517 5061 audeat
528 5017 574 5062 aut
583 5009 725 5078 abnegare,
734 5025 794 5065 cum
806 5022 909 5068 constet
923 5015 973 5071 hoc
984 5017 1054 5075 inter

263 5111 373 5161 omncs,
389 5106 416 5152 et
427 5112 503 5167 aeque
515 5113 563 5168 per
573 5098 664 5153 orbem
682 5108 812 5156 terrarum
827 5105 967 5171 quotannis
980 5099 1059 5162 omni'

263 5201 322 5241 cum
333 5187 421 5242 studio
433 5187 581 5244 celebretur
593 5189 618 5242 in
629 5197 760 5245 conventu
771 5191 919 5249 catholieo?
933 5195 996 5252 Dico
1006 5212 1053 5254 au-

263 5286 315 5333 tem
335 5276 585 5349 Quadragesimam,
601 5295 680 5350 quam
692 5283 737 5352 qui
759 5282 885 5339 intervos
895 5284 946 5340 rite
957 5287 1052 5344 obser·

263 5367 374 5425 randam
393 5368 542 5440 putaverit,
555 5368 686 5424 abstineat
698 5385 809 5427 necesse
820 5380 860 5427 cst
875 5375 998 5431 omnibus
1010 5376 1051 5434 his

293 5482 301 5514 ¹
319 5487 357 5531 er.
370 5478 448 5552 tried..
464 5488 540 5542 ten,
552 5478 638 5545 ecquid
650 5479 733 5533 debent
745 5481 831 5547 accipi
844 5487 909 5545 lot..
929 5484 1051 5555 tueque

260 5543 456 5601 nebemtocrtpt.
505 5549 532 5592 ιι.

230 5622 235 5629 -
259 5607 303 5716 'ff’
314 5612 392 5677 ⁸tue,
404 5602 505 5656 inroitu.
520 5603 603 5654 terius
614 5604 672 5658 ettti
691 5603 730 5657 alii
742 5612 767 5657 et
777 5613 847 5671 uss..
860 5605 981 5672 rancun,
993 5618 1049 5672 aut,

287 5680 359 5717 ncta.

683 292 817 351 CONTRA
839 290 998 348 Fausntttt
1018 285 1239 358 lthiClIAEUll,
1258 292 1286 349 S.
1306 291 1490 350 tunusttut

1862 300 1919 358 tna

1122 416 1181 472 qne
1191 404 1332 471 capitulum
1347 404 1419 459 hoca
1429 405 1483 460 lleo
1495 404 1527 460 ad
1542 406 1740 476 percipiendum
1751 410 1919 485 notnsenaq

1121 503 1145 548 ta
1158 492 1265 560 dicit‚et
1277 495 1469 550 daemoniorum
1479 497 1588 566 insuper
1602 488 1750 555 doctrinam
1764 514 1844 558 rucat
1854 504 1917 560 abt·

1121 585 1261 640 tinentiarn
1277 586 1484 655 praedictorum.
1493 587 1562 655 Quid
1573 577 1638 659 ergo
1647 598 1674 645 et
1682 606 1739 653 ros,
1748 590 1918 661 citatissimi?

1120 677 1206 730 ritune
1216 685 1278 731 tunc
1288 676 1479 732 tirurnoniorum
1490 679 1588 740 visitis,
1597 693 1657 733 enm
1672 678 1753 736 buca
1766 681 1844 737 robis
1853 697 1916 754 pas·

1120 765 1203 820 sionis
1213 766 1309 820 Christi
1323 767 1493 822 celebrantur
1505 768 1641 839 mysteria,
1655 776 1683 823 et
1695 768 1843 826 seductorii
1857 773 1914 843 spi·

1120 857 1187 910 ritus
1198 855 1290 910 hande
1301 856 1424 926 eapitnini
1434 899 1443 923 ,
1455 866 1481 912 ct
1491 857 1520 912 in
1534 857 1668 929 hypocrisi
1683 859 1824 930 loquimini
1835 876 1914 919 mett·

1120 945 1235 1010 dacium,
1244 947 1451 1002 etcauteriatam
1461 946 1565 1002 habetis
1579 949 1772 1004 conscientiam
1781 953 1915 1007 vestram!

1119 1033 1231 1102 Quodsi
1247 1033 1341 1089 horum
1359 1034 1425 1089 nihil
1445 1049 1508 1101 ros;
1523 1050 1572 1091 nce
1584 1051 1634 1091 nos
1653 1038 1742 1108 igitur.
1758 1038 1829 1107 Quid
1849 1055 1914 1112 ergo

1120 1126 1170 1180 sibi
1186 1126 1242 1179 mit
1260 1125 1403 1193 capitulum
1419 1125 1486 1191 hoc,
1501 1137 1546 1181 ant
1559 1143 1575 1181 a
1588 1142 1641 1198 quo
1655 1129 1784 1199 scriptum
1804 1132 1912 1201 putabi-

1119 1229 1195 1277 mus,
1211 1222 1239 1268 et
1258 1222 1349 1268 eontra
1363 1230 1448 1284 quos,
1470 1215 1543 1284 qnod
1565 1231 1615 1272 nec
1630 1216 1733 1274 Veteris
1746 1220 1912 1278 Testamenti

1120 1304 1292 1371 traditiones,
1306 1320 1356 1361 nee
1373 1304 1440 1360 Nori
1452 1306 1593 1362 eotrssrmet
1604 1308 1690 1363 scita?
1703 1309 1842 1380 Siquidem
1862 1312 1912 1369 hoc

1119 1396 1152 1451 nb
1171 1396 1312 1462 omnibns,
1332 1407 1361 1452 ut
1374 1412 1406 1452 ex
1420 1398 1497 1452 robis
1511 1398 1576 1468 ipsis
1594 1409 1720 1470 apparet:
1736 1402 1804 1458 illud
1817 1418 1911 1460 veroa

1118 1486 1274 1554 quibusdam
1288 1487 1427 1556 quamtis,
1440 1487 1567 1544 abstineri
1581 1497 1668 1544 tamen
1681 1490 1762 1548 docet
1777 1508 1786 1547 t
1802 1503 1909 1550 muten-

1120 1577 1154 1632 tia
1166 1592 1228 1631 tero
1241 1577 1298 1632 Ιιιοο
1312 1588 1398 1632 restra
1418 1587 1541 1633 cunctam
1555 1581 1661 1649 penitus
1673 1583 1822 1638 ramalium
1836 1585 1911 1641 cibo·

1119 1682 1177 1721 rnm
1194 1666 1398 1733 abstinentiam,
1413 1667 1605 1724 demoniorum
1619 1671 1673 1726 mit
1690 1685 1750 1727 esse
1762 1673 1909 1732 doctrinas.

1117 1757 1166 1812 Cui
1185 1758 1207 1812 si
1222 1768 1249 1812 ct
1261 1773 1308 1813 vos
1320 1758 1445 1824 eretlitis,
1459 1759 1552 1814 eadem
1563 1760 1661 1830 saepius
1670 1761 1783 1829 dixero,
1795 1762 1910 1822 damna·

1119 1855 1145 1902 te
1158 1847 1283 1918 bloysen,
1298 1848 1448 1904 renuntiate
1463 1849 1620 1919 Prophetis,
1636 1850 1704 1908 ferte
1716 1867 1808 1923 parent
1830 1864 1859 1911 et
1877 1855 1911 1913 de

1117 1936 1192 1990 robis
1206 1937 1271 2006 ipsis
1289 1938 1446 1992 sententiam
1460 1939 1538 2009 :qnia
1553 1948 1582 1994 nt
1596 1940 1632 1995 illi
1646 1956 1782 2012 sempera
1796 1945 1911 2015 quibus·

1116 2024 1177 2080 dam
1193 2026 1323 2092 ciborum,
1333 2028 1371 2082 sic
1382 2043 1430 2081 vos
1439 2027 1570 2083 interdum
1578 2029 1719 2087 abstinetis
1726 2033 1761 2087 ab
1771 2035 1908 2092 omnibtts.

1151 2114 1263 2175 catut
1279 2118 1322 2173 tv.
1337 2149 1374 2160 —
1388 2120 1439 2174 dm
1458 2120 1480 2174 si
1495 2118 1599 2191 hlpyses
1612 2120 1687 2177 robis
1698 2129 1727 2178 et
1746 2118 1906 2195 Prophet'e,

1115 2221 1175 2261 cum
1190 2206 1436 2276 escasdijudieant,
1453 2208 1497 2262 hei
1509 2209 1594 2277 legem
1609 2210 1716 2266 sancire
1726 2212 1869 2278 ridentur,
1880 2225 1909 2272 et

1115 2310 1168 2349 non
1181 2293 1389 2358 daemoniorum
1403 2297 1424 2350 si
1446 2296 1535 2352 banici
1550 2297 1576 2350 in
1588 2296 1686 2366 Spiritu
1698 2312 1794 2357 sancto
1811 2303 1907 2360 obscr-

1114 2384 1186 2438 varit
1198 2395 1252 2440 tres
1265 2383 1462 2450 hebdomadam
1485 2386 1508 2440 si
1521 2387 1657 2453 Ananias,
1671 2388 1799 2458 amnas,
1814 2399 1845 2448 et
1858 2392 1906 2450 Ιι·

1114 2473 1170 2528 saei
1180 2474 1272 2544 pueri,
1287 2473 1384 2530 divinae
1396 2476 1493 2530 menhs
1505 2476 1649 2543 instinctu,
1663 2477 1784 2537 oleribus
1796 2482 1835 2537 nti
1849 2496 1907 2539 naa·

1115 2565 1221 2621 luerunt
1232 2574 1260 2621 et
1269 2566 1462 2637 leguminibtts;
1476 2568 1499 2622 si
1514 2566 1631 2639 deniquo
1643 2569 1670 2624 in
1684 2571 1762 2627 robis
1775 2581 1907 2645 quotquot

1113 2654 1257 2722 abstinent,
1270 2670 1322 2711 non
1337 2671 1352 2710 a
1367 2656 1505 2712 demoniis
1515 2658 1622 2729 impulsi
1636 2659 1662 2715 id
1673 2659 1791 2728 iaciunt:
1802 2664 1827 2720 si
1837 2664 1908 2732 Quas
1941 2654 1944 2659 ’

1113 2745 1260 2815 dragesima
1280 2747 1411 2802 sinerino
1432 2757 1459 2803 et
1471 2749 1597 2810 carnibus
1614 2764 1668 2806 uon
1687 2753 1905 2823 superstitiosea

1111 2836 1205 2901 robis,
1220 2834 1268 2891 sed
1287 2836 1376 2892 divina
1397 2837 1455 2908 lege
1475 2846 1620 2895 servatura
1636 2841 1734 2909 videte,
1750 2849 1905 2916 quarsoni·

1112 2925 1191 2991 dcte,
1205 2942 1239 2982 ne
1253 2941 1364 2983 summu
1382 2927 1524 2984 dementire
1545 2930 1597 2986 hoc
1617 2931 1682 2988 sita
1697 2932 1783 2990 Panlo
1803 2935 1904 2993 dietam

1113 3026 1222 3088 putare,
1245 3018 1314 3088 quod
1336 3017 1527 3075 demoniomur
1547 3021 1668 3077 doctrina
1689 3023 1725 3078 sit
1741 3023 1904 3084 abstinentia

1110 3108 1200 3162 omnis
1212 3108 1343 3172 ciborum,
1356 3118 1384 3164 et
1393 3109 1536 3180 pmhibere
1546 3112 1647 3168 nubere
1658 3128 1667 3167 r
1677 3115 1904 3184 quemadmodum

1112 3211 1162 3252 nec
1171 3196 1235 3252 iliud
1246 3198 1316 3267 quod
1327 3197 1391 3253 dicit
1402 3199 1482 3253 etiam
1495 3200 1612 3271 virgines
1620 3201 1712 3258 dicare
1719 3202 1842 3273 Christo,
1851 3207 1904 3264 dn·-

1111 3286 1260 3343 moniomm
1274 3301 1334 3342 csso
1344 3286 1495 3354 doctrinas:
1505 3290 1576 3359 quod
1588 3305 1636 3346 ros
1646 3292 1758 3362 perinde
1769 3295 1831 3351 sine
1839 3310 1903 3352 non-

1110 3376 1272 3432 sideratione
1291 3375 1426 3447 legentes,
1443 3386 1473 3433 ut
1484 3389 1598 3447 cetera,
1613 3380 1647 3436 ad
1659 3397 1709 3438 nos
1726 3384 1845 3442 subinde
1861 3400 1903 3443 re·

1110 3464 1234 3534 sptenis:
1252 3481 1301 3522 nec
1311 3466 1408 3522 ridetis
1426 3469 1489 3525 hine
1506 3477 1534 3525 et
1545 3470 1662 3541 virgines
1677 3482 1784 3531 vestras
1800 3476 1902 3533 darmu-

1110 3556 1215 3611 niomm
1227 3557 1347 3614 doctrina
1358 3569 1449 3629 captas
1463 3562 1549 3618 notari
1560 3605 1568 3628 ,
1581 3572 1609 3619 ct
1627 3579 1674 3620 ros
1688 3581 1750 3623 esee
1768 3570 1904 3628 antistites

1109 3648 1319 3718 demoniorum,
1333 3652 1379 3723 qui
1397 3655 1518 3709 certatim
1529 3656 1677 3727 semperad
1694 3658 1765 3717 banc
1775 3676 1825 3718 eas
1839 3664 1903 3720 inci-

1110 3741 1172 3796 tetis
1189 3741 1382 3811 protessionem
1404 3745 1573 3801 suasionibus
1591 3750 1704 3816 restris,
1717 3759 1748 3806 nt
1766 3767 1839 3824 pene
1848 3754 1901 3825 iam

1110 3832 1195 3901 major
1208 3834 1233 3887 in
1245 3833 1370 3890 Ecclesiis
1383 3837 1506 3892 omnihus
1517 3838 1647 3909 virginum
1660 3840 1730 3911 apud
1740 3858 1790 3899 nos
1800 3872 1813 3911 ,=
1822 3861 1901 3916 qnam

1110 3922 1251 3977 mulierum
1265 3926 1442 3982 numerositas
1452 3925 1672 3998 habeaturtQuid
1683 3947 1810 4002 erponon
1821 3944 1902 3993 etros

1106 4010 1296 4082 jamdesistitis
1310 4030 1325 4069 a
1342 4015 1437 4071 talibus
1451 4017 1590 4088 incoeptisi
1601 4019 1669 4086 Quid
1682 4022 1710 4078 in
1721 4021 1843 4081 handum
1852 4027 1901 4081 mi·

1109 4115 1184 4158 seras
1203 4102 1325 4159 inducitis
1339 4106 1407 4160 lilius
1422 4107 1575 4176 hominnm,
1591 4112 1613 4165 si
1635 4125 1687 4167 non
1701 4115 1727 4167 in
1747 4116 1788 4169 eis
1800 4115 1900 4174 ctntstt
1943 4146 1947 4153 ¹

1108 4197 1230 4252 volnnhts
1249 4197 1387 4271 hnpletnr,
1403 4199 1450 4254 sed
1469 4199 1730 4260 depromerentur
1749 4215 1838 4264 tamen
1849 4208 1901 4264 boc

1109 4286 1185 4342 nohis
1199 4288 1284 4358 primo
1294 4289 1476 4358 respondeatis
1489 4292 1578 4357 celim,
1594 4302 1682 4348 utrum
1694 4296 1806 4351 omnino
1818 4297 1900 4369 ιίιςί·Ι

1108 4393 1156 4434 ncs
1170 4379 1274 4444 iacere,
1288 4378 1408 4436 doctriua
1428 4383 1461 4436 sit
1474 4380 1686 4450 demoniorum,
1700 4399 1734 4439 an
1746 4386 1836 4441 stibrm
1852 4402 1900 4458 per

1109 4471 1313 4539 prohibitionem
1326 4469 1414 4526 iacere
1425 4471 1559 4528 nttltendii
1572 4473 1600 4529 st
1612 4488 1659 4544 per
1672 4475 1898 4545 prohibitionem,

1108 4559 1174 4615 nibil
1188 4561 1220 4615 ad
1236 4576 1285 4616 nos
1300 4577 1308 4617 t
1322 4577 1383 4618 nam
1396 4572 1422 4618 et
1435 4564 1484 4633 ipsi
1505 4573 1558 4618 tarn
1567 4565 1677 4622 stultam
1691 4566 1844 4638 iudicamus
1854 4570 1899 4625 in·

1107 4648 1199 4706 hibere
1211 4651 1361 4720 volentem,
1375 4669 1453 4724 qmm
1467 4654 1540 4709 rteirts
1550 4662 1578 4710 ct
1596 4656 1707 4726 impium
1721 4657 1790 4715 satis
1801 4659 1901 4719 nolen-

1108 4749 1161 4797 tem
1173 4757 1279 4813 cogere.
1300 4743 1327 4799 st
1341 4760 1404 4799 rcro
1426 4745 1515 4799 tmere
1530 4745 1591 4802 huic
1603 4763 1708 4817 quoquc
1720 4750 1860 4820 proposito
1873 4761 1900 4807 ot

1108 4847 1159 4888 non
1171 4833 1294 4889 reluctari
1306 4834 1415 4901 nolenti,
1427 4836 1452 4890 id
1465 4851 1571 4907 qnoque
1582 4836 1730 4893 doctrinam
1746 4841 1847 4914 putatis
1855 4855 1901 4898 es·

1107 4937 1137 4978 se
1150 4922 1352 5003 daemoniorum,
1368 4934 1442 4981 taceo
1457 4941 1528 4981 nnnc
1541 4936 1659 4992 restrum
1674 4929 1836 4999 pericnlum,
1849 4931 1900 5004 ipsi

1104 5012 1159 5082 jam
1174 5013 1255 5068 timeo
1267 5016 1411 5083 apostolo,
1425 5032 1459 5071 ne
1478 5008 1669 5074 dretttoniornm
1682 5019 1834 5079 doctrinam
1856 5023 1899 5079 ht·

1107 5105 1199 5158 tttlisse
1221 5115 1283 5159 tune
1300 5104 1414 5160 leontium
1431 5107 1567 5174 rideatur,
1590 5122 1650 5163 cum
1673 5108 1800 5167 Theclam
1822 5113 1900 5184 oppi-

1104 5204 1240 5263 gneratam
1252 5194 1306 5264 jam
1319 5195 1450 5264 thalamo,
1465 5198 1491 5250 in
1506 5196 1623 5253 amorem
1637 5214 1763 5256 sermone
1775 5216 1826 5259 suo
1837 5216 1897 5273 pcr-

1105 5294 1191 5354 petnae
1204 5284 1362 5355 virginitatis
1380 5287 1506 5343 incendit
1521 5289 1590 5357 Quid
1603 5305 1668 5345 rem
1679 5290 1755 5347 etde
1770 5294 1896 5365 magistro

1104 5378 1163 5448 ipso
1179 5376 1316 5446 dicemus,
1331 5394 1363 5434 ae
1374 5381 1541 5436 sanctimonii
1556 5383 1636 5438 totius
1648 5390 1760 5439 auctoru
1772 5383 1855 5451 lesu,
1869 5389 1911 5440 οι·

1105 5467 1183 5538 hujus
1198 5467 1280 5537 ipsius
1294 5468 1467 5538 professionis
1482 5471 1629 5542 puellarum
1641 5472 1736 5529 celibe
1744 5486 1851 5545 vsponso
1864 5474 1896 5545 ¹,

1103 5559 1148 5630 qni
1162 5558 1189 5614 iu
1203 5558 1345 5630 Evangelio
1357 5560 1407 5615 tria
1421 5576 1519 5632 genera
1533 5562 1896 5636 corrumpendarum

1139 5673 1146 5704 ¹
1164 5679 1189 5722 u
1201 5669 1350 5735 menete
1360 5684 1454 5738 sputu
