3938 6360
69 302 127 360 αἵθ

70 417 113 488 qui
128 414 239 486 culticcit
254 415 281 470 in
293 429 340 485 spe
357 412 443 484 (nom.
460 430 518 480 utut,
531 414 590 486 20).
687 469 689 477 ,

104 506 133 563 l.
149 505 224 570 lior,
248 506 317 561 sieut
339 505 457 561 retinere
470 505 560 574 potui,
581 504 697 560 lrrcriter
710 505 859 575 expositum

70 607 127 666 est,
147 608 174 652 ut
191 598 335 667 perspectis
356 597 479 653 omnious
492 597 591 653 moritis
610 596 768 653 medicinam
783 597 861 652 aunt·

70 690 135 745 ltere
150 688 270 743 festines.
287 688 332 744 Est
348 689 447 743 rcritns
458 687 556 742 Cirristi
570 687 596 742 iu
610 702 663 755 me,
678 687 862 760 quiapropter

69 776 248 835 venerabilem
266 780 442 837 reuerentiam
456 777 611 836 sanctitatis
630 788 682 834 tue
698 795 758 836 csse
773 780 861 850 impu·

68 868 135 927 ‹leus
146 885 198 926 non
210 870 350 937 auderem,
360 870 411 926 nisi
421 868 536 926 euidenti
546 868 646 942 iudicio
656 880 681 927 et
693 870 860 927 ordinatione

237 287 450 360 ru'ouostnu
469 298 605 357 comni
626 297 786 359 ponetur..
808 298 851 357 cr
869 295 1019 367 omues,
1038 296 1068 355 s.
1088 295 1271 362 uuunsnu
1289 278 1392 363 urusu
1411 303 1514 366 utus.

1651 312 1707 369 did

915 416 961 473 ilci
974 416 1007 472 ad
1022 416 1094 473 iilius
1108 419 1172 473 tenti
1189 427 1217 473 et
1231 419 1290 475 telis
1309 420 1415 491 popuii,
1432 421 1480 477 eui·
1495 423 1564 479 sicut
1587 431 1707 496 peccanti

915 509 989 579 plequ
1005 509 1127 578 imposita
1141 517 1191 574 est,
1203 510 1246 581 sie
1259 520 1319 580 post
1332 511 1434 582 pingant
1448 527 1510 569 curn
1523 512 1645 582 deletur,
1659 531 1706 571 re·

914 598 1002 654 medie
1020 597 1178 668 proferende
1199 610 1225 655 te
1239 601 1371 669 eiectum,
1394 617 1438 658 me
1456 603 1567 659 missurn
1586 619 1647 660 esse
1659 619 1712 662 coe

914 704 1081 761 qnosccrcm.
1096 690 1196 746 liemon
1209 692 1271 755 mci.
1287 691 1440 749 beatissime
1452 702 1538 764 puter,
1552 695 1705 751 multorum·

914 793 966 850 que
979 781 1024 852 qni
1039 794 1144 836 mecum
1157 781 1228 837 reiut
1237 795 1282 838 ros
1293 783 1427 854 cloquium
1439 795 1512 840 tuum
1525 793 1556 841 ut
1565 798 1648 855 super
1658 799 1707 842 eos

915 871 1238 945 descendatexspectent,
1253 887 1313 931 csse
1325 874 1444 947 (liquere.

265 1126 271 1134 ’
373 1049 452 1254 s.
490 1050 870 1253 eonem
905 1051 1456 1258 sponsurus

335 1489 552 1708 uu
639 1482 1444 1895 ossgsrunn
1522 1330 1604 1829 ’ἶ

72 1985 874 2119 PRiSCILLiANiS'iAS
932 1988 1049 2118 nu
1109 1991 1710 2166 onrcunusuus

649 2187 653 2194 '
704 2157 843 2278 diter
878 2193 989 2281 nnus
1010 2205 1062 2279 tn.

725 2354 1042 2410 ww&

102 2467 214 2525 cundi
233 2464 375 2525 enitttitt.
392 2499 424 2510 -
437 2469 462 2525 1.
475 2467 647 2540 Respondete
658 2468 704 2524 tilri
717 2469 858 2540 querenti,

66 2556 239 2614 dilectissime
251 2559 288 2615 ini
301 2558 394 2624 Orosi,
417 2574 467 2615 nec
478 2559 511 2614 nd
527 2559 616 2614 omnia
637 2557 740 2626 debeo,
761 2572 820 2629 queo
834 2558 860 2613 iu

67 2658 112 2704 tun
125 2649 336 2706 commonitorio
356 2649 480 2722 posuisti,
500 2664 550 2705 uec
562 2648 671 2704 onminn
689 2662 742 2704 nou
763 2647 861 2716 deleo,

67 2754 100 2796 ne
114 2739 229 2796 studium
244 2748 333 2807 tuum,
351 2739 422 2812 quod
436 2740 499 2795 milri
518 2739 697 2811 gratissimum
717 2746 778 2806 cst,
794 2752 859 2793 con·

66 2835 207 2904 tempsisse
223 2832 325 2897 ridenr,
338 2841 366 2889 et
377 2833 412 2888 olr
425 2832 476 2889 lroe
494 2832 703 2904 intemperanter
714 2828 858 2886 edendum.

66 2923 131 2978 Num
145 2925 171 2979 in
185 2924 343 2995 quibusdum
355 2923 489 2994 opusculis
502 2924 611 2986 uostris.
626 2937 686 2993 quee
698 2921 740 2976 uel
755 2919 858 2991 lepisti.

65 3014 108 3070 uel
122 3015 210 3085 legere
223 3021 332 3084 poteris,
347 3014 428 3070 multu
444 3013 514 3069 dieta
528 3021 605 3079 suut,
620 3028 679 3082 quse
693 3007 797 3066 rulenut
809 3009 859 3063 nd-

65 3123 160 3164 ucrsus
173 3107 295 3164 inrcsim
308 3107 584 3164 Prisciliiunisturuur:
597 3100 721 3176 quamvis
730 3118 782 3158 uon
794 3100 859 3157 milri

912 2478 1002 2524 creatu
1014 2478 1074 2523 est:
1090 2468 1141 2525 ltoe
1158 2469 1264 2542 quidem
1280 2471 1341 2542 iam
1358 2469 1411 2529 non
1430 2474 1545 2544 pertinet
1562 2473 1596 2531 sd
1614 2473 1711 2530 retae.

915 2557 1045 2629 quendem
1058 2558 1213 2615 Priscillinni
1227 2560 1382 2632 sacrilegam
1392 2564 1546 2620 seuientem.
1557 2564 1620 2621 Sine
1634 2564 1711 2620 enim

914 2664 947 2704 ex
963 2648 1045 2705 niiriln
1058 2649 1133 2705 luctu
1144 2652 1180 2706 sit
1198 2651 1304 2718 enimet,
1320 2651 1377 2710 sire
1390 2650 1441 2708 ltoc
1455 2655 1595 2726 propterea
1613 2653 1707 2710 diceu-

914 2737 977 2794 dum
992 2754 1045 2809 qun
1059 2739 1111 2807 sit,
1126 2741 1187 2810 quie
1210 2740 1256 2798 ilci
1268 2732 1403 2798 uoluntate
1425 2741 1492 2798 lucta
1506 2752 1563 2812 est,
1585 2759 1645 2814 qnec
1658 2757 1708 2798 no·

913 2828 1002 2886 lunius
1015 2830 1107 2902 utique
1119 2845 1174 2886 non
1187 2841 1229 2887 est
1243 2832 1308 2888 nilril
1322 2850 1330 2887 ε
1346 2842 1433 2889 tumen
1446 2835 1507 2905 quie
1521 2834 1600 2898 lecte.
1614 2843 1641 2890 ct
1658 2832 1708 2891 llei

912 2929 1006 2978 nutura
1025 2937 1077 2978 uon
1096 2910 1307 2995 est¹‚'prolecto
1320 2924 1431 2983 lueresis
1442 2926 1487 2983 illo
1495 2925 1635 2995 refellitur,
1648 2942 1709 2997 qum

912 3012 1028 3067 enimam
1044 3013 1168 3084 primitus
1182 3024 1302 3070 turturum
1314 3015 1362 3072 llei
1374 3031 1436 3081 ¹esse
1448 3016 1603 3082 contendit,
1617 3025 1646 3071 ut
1658 3016 1708 3071 ln·

912 3101 975 3158 neu
985 3103 1057 3159 unde
1069 3104 1212 3159 concinnet
1224 3104 1236 3138 ¹
1250 3104 1286 3160 ibi
1297 3105 1424 3177 quidquid
1436 3106 1507 3162 eliud
1523 3105 1646 3162 salsitatis
1656 3104 1714 3169 ed<

66 3213 113 3253 cos
125 3197 307 3268 proposuerim
321 3195 499 3261 relelieud0s;
514 3193 562 3250 sed
576 3209 636 3249 eum
649 3192 722 3248 eliud
738 3206 857 3263 sperem,
909 3191 1006 3264 jungit.
1025 3192 1121 3249 imum
1138 3192 1200 3266 quie
1216 3203 1246 3250 et
1263 3195 1340 3250 istum
1352 3197 1527 3268 questionem
1540 3209 1667 3268 spernere
1680 3202 1709 3250 et

66 3291 146 3343 ctiam
162 3287 212 3342 lroe
227 3302 270 3342 me
284 3287 374 3357 eqisse
385 3301 457 3342 nunc
470 3284 598 3355 intelligo,
612 3283 719 3355 quondo
732 3297 765 3337 ex
780 3292 807 3336 tc
816 3296 859 3334 uir·

54 3378 111 3437 ,du
124 3379 186 3449 quid
201 3377 237 3435 illi
255 3378 379 3433 sentiunt.
394 3376 471 3446 Quod
490 3377 561 3432 enim
580 3384 622 3431 cst
634 3375 762 3430 aduersus
775 3371 859 3430 liutri-

66 3468 156 3523 clueos
169 3468 259 3524 nnritis
276 3483 291 3522 a
311 3483 355 3524 tue
371 3467 437 3522 lucis
451 3466 485 3522 de
498 3467 586 3521 nuimn
601 3466 778 3537 disputatum,
798 3479 859 3535 qum

69 3561 129 3615 iicet
142 3555 287 3615 secundnm
301 3559 442 3631 quemdum
457 3558 565 3614 modum
576 3574 653 3614 suum
671 3559 706 3614 sit
719 3558 866 3615 terrueris,

68 3651 116 3716 lis,
133 3659 221 3705 tomcu
237 3649 263 3705 in
281 3649 399 3705 deterius
412 3648 560 3707 delicieudn
578 3657 604 3705 ct
620 3649 646 3704 iu
665 3647 759 3704 meiius
778 3646 859 3716 proli·

65 3741 160 3796 ciendo
184 3739 319 3795 murtabilis
339 3754 400 3796 esse
421 3739 594 3805 couniuntur.
614 3747 642 3795 et
663 3753 711 3810 per
731 3737 782 3794 troc
804 3752 857 3791 nou

65 3848 126 3888 esse
140 3831 174 3887 dc
187 3831 231 3887 liei
245 3831 393 3888 substantie
406 3827 598 3887 dilucidissime
609 3829 765 3895 ostenditur,
778 3827 858 3883 simul

65 3939 170 3995 rprrnque
190 3922 347 3980 Priscillieui
367 3922 463 3994 dogma
482 3922 622 3978 subuertit.
637 3920 693 3978 iioc
712 3921 784 3977 enim
805 3935 859 3975 uuo

68 4015 218 4070 lirmissime
236 4016 393 4081 constituto,
407 4013 477 4084 quod
494 4024 521 4070 et
533 4013 702 4071 verissimum
722 4023 778 4078 est.
792 4023 819 4067 et
832 4012 858 4066 in

68 4094 158 4175 s'eipsu
171 4106 352 4177 unusquisque
365 4105 517 4161 admonitus
528 4104 653 4160 facillime
665 4102 796 4175 nqrroscit,
812 4118 859 4157 nc-

67 4198 178 4270 quieuit,
191 4213 278 4267 neque
288 4197 333 4253 isti
343 4198 480 4253 inveniunt
492 4197 562 4253 uude
573 4210 636 4251 snas
645 4194 747 4251 ininius
757 4201 857 4249 lexeru.

67 4286 136 4355 Quid
149 4296 236 4343 nutem
253 4300 321 4356 opus
336 4295 378 4342 est
392 4287 432 4343 ire
453 4301 500 4358 per
518 4284 694 4357 amputandos
708 4297 802 4340 remos.
816 4283 859 4338 lo·

67 4377 221 4450 quacissimi
243 4377 359 4444 erroris,
374 4378 451 4448 cujus
463 4376 579 4433 redicem
593 4376 709 4432 eliodere
722 4385 801 4445 nuptie
814 4390 860 4430 ex·

68 4471 181 4540 stirpare
194 4467 379 4540 compendium
391 4478 449 4534 est;
463 4481 524 4523 curn
536 4465 682 4538 presertim
695 4477 722 4522 et
732 4466 789 4535 ipse
798 4480 859 4537 qra-

912 3283 1087 3341 iudisc‘ussnm
1104 3285 1254 3355 relinquere
1273 3300 1326 3341 uon
1344 3294 1467 3359 oportet;
1481 3285 1653 3357 quscrcudum
1666 3293 1709 3351 cst

912 3373 947 3430 ab
956 3374 1024 3442 istis,
1035 3377 1080 3446 qni
1091 3384 1231 3446 propterea
1243 3374 1337 3432 nolunt
1346 3377 1461 3433 unimam
1472 3392 1504 3433 ex
1516 3377 1599 3433 uiirilo
1610 3375 1713 3445 iactam,

912 3464 1074 3535 credcrc,ue
1083 3466 1246 3522 uoluntatem
1254 3466 1301 3524 Ilei
1308 3483 1359 3538 que
1370 3466 1439 3524 taen
1446 3466 1558 3523 estnihil
1569 3481 1629 3523 csse
1638 3480 1712 3539 resq-1

913 3563 982 3618 rent.
992 3555 1212 3627 querendumest
1220 3571 1284 3628 erqo
1294 3556 1588 3624 alreis‚ntrumuuliem
1599 3567 1710 3621 creetur

911 3661 969 3702 rem
979 3662 1014 3703 ex
1026 3647 1110 3703 uilriio
1118 3648 1213 3702 liutem
1224 3663 1284 3705 csse
1294 3647 1435 3705 letcuntur.
1447 3649 1476 3705 Si
1484 3649 1555 3722 euim
1565 3648 1591 3705 id
1601 3658 1706 3720 putent,

912 3736 1060 3796 uerendum
1068 3737 1707 3809 cstnesliumquemdnmnaturarueoneutnriu·

911 3826 1020 3896 ducere,
1031 3844 1183 3900 numineque
1195 3829 1318 3899 deussit,
1329 3846 1379 3887 nec
1389 3840 1478 3887 temen
1491 3831 1558 3886 uilril
1567 3831 1612 3893 sit.
1626 3846 1706 3902 quam

911 3919 985 3975 reiut
997 3920 1135 3976 materiem
1148 3918 1199 3976 edii
1209 3920 1355 3991 subjectetur
1366 3922 1416 3977 uisi
1428 3922 1497 3978 Deus
1506 3920 1626 3989 luberet,
1636 3921 1708 3978 uude

912 4009 1012 4067 luceret
1025 4010 1153 4082 quidquid
1166 4011 1228 4067 lecit
1244 4012 1364 4069 inseruire
1378 4028 1430 4068 nou
1449 4011 1705 4084 precellentium
1820 4024 1824 4031 ’

910 4103 1040 4174 queritur
1046 4106 1116 4159 unde
1127 4112 1276 4160 creaturum
1288 4119 1363 4159 suurn
1378 4104 1448 4159 licus
1460 4103 1568 4171 iecerit,
1583 4102 1706 4175 quaedam

911 4195 1037 4250 materies
1046 4195 1191 4265 quaeritur:
1206 4196 1283 4250 sicuti
1293 4204 1335 4251 cst
1345 4195 1420 4250 labro
1431 4195 1542 4265 liguum,
1555 4195 1597 4250 ret
1608 4195 1711 4268 quodli-⁸

912 4285 958 4341 bct
968 4298 1081 4355 corpus,
1092 4282 1164 4355 quod
1176 4283 1227 4339 nisi
1239 4283 1377 4350 deluserit,
1388 4300 1420 4340 cu
1430 4283 1519 4340 lucere
1533 4299 1593 4355 quae
1605 4284 1639 4339 ab
1648 4284 1708 4356 ejus

912 4382 969 4430 erte
991 4384 1159 4444 expetuntur,
1180 4372 1357 4429 omniunnon
1373 4372 1560 4447 potsmodum
1584 4388 1706 4444 crpore·

912 4465 1070 4537 spondetur.
1092 4465 1130 4519 Ex
1145 4464 1247 4530 uilrilo;
1265 4463 1328 4534 quid
1343 4462 1530 4540 resqrondctur,
1544 4463 1594 4519 nisi
1608 4464 1712 4537 trullurn·

69 4563 179 4628 tuleris,
193 4561 248 4632 jem
270 4561 313 4617 illa
334 4559 529 4624 fabulosissime
544 4549 716 4616 deliramenta
730 4557 799 4630 apud
813 4573 860 4613 rus
912 4558 937 4612 ei
948 4555 1095 4625 sunjrenru
1111 4554 1193 4611 luisse
1207 4556 1356 4616 moterinnt.
1370 4571 1449 4626 quam
1463 4557 1519 4626 ipsc
1531 4570 1585 4613 nen
1597 4556 1705 4622 lecerat.

67 4670 128 4711 csse
138 4653 279 4710 convictui
913 4659 944 4704 ut
961 4649 1072 4704 lrebcrct
1083 4647 1153 4704 urrtle
1168 4648 1282 4716 tereret,
1298 4648 1396 4720 siquid
1411 4649 1505 4715 celiel,
1521 4658 1549 4704 ct
1563 4665 1641 4720 quum
1656 4651 1708 4706 uisi

103 4743 215 4801 CAPUT
230 4745 261 4799 11.
275 4774 311 4785 -
323 4743 351 4799 2.
365 4741 417 4799 Sed
432 4742 466 4802 de
479 4741 567 4797 artium
585 4741 758 4814 qumstinneur
773 4739 860 4813 ndlruc
914 4739 1033 4804 luberet.
1051 4737 1140 4796 locere
1152 4754 1204 4794 non
1216 4739 1337 4795 ruleretl
1349 4737 1473 4796 linteries
1486 4739 1584 4810 quiippe
1597 4741 1707 4812 meridi,

68 4850 152 4908 nsque
166 4836 278 4899 versari.
293 4843 381 4889 utrum
394 4847 453 4889 cem
470 4832 539 4888 [leus
553 4831 689 4903 (quoniam
702 4829 859 4903 porticulum
914 4846 973 4902 qum
993 4830 1019 4885 iu
1039 4828 1119 4885 rebus
1137 4829 1309 4885 mutabilibus
1324 4840 1466 4900 utcumque
1487 4828 1659 4903 dignoscitur.
1675 4829 1709 4886 nl)

67 4930 110 4985 rel
124 4928 302 4985 delirrxionenr
316 4927 374 4999 eius
387 4941 441 4982 uon
453 4939 513 4982 esse
524 4924 578 4993 jum
593 4926 711 4993 constet)
726 4938 759 4977 ex
775 4920 860 4977 nihilo
914 4910 973 4993 ipso
984 4920 1127 4978 constitute
1145 4928 1200 4988 est,
1225 4935 1240 4975 n
1261 4936 1315 4992 quo
1334 4921 1494 4977 constitutus
1515 4929 1557 4977 est
1581 4922 1707 4978 muudus.

68 5036 175 5078 creasse
192 5020 321 5079 dicendus
340 5019 438 5087 sit‚co
452 5016 523 5090 quod
536 5017 631 5074 durum
650 5025 677 5073 et
692 5015 803 5085 impium
817 5013 859 5069 ri·
913 5013 1080 5083 Quapropter
1101 5011 1151 5068 etsi
1165 5009 1229 5069 lecit
1248 5011 1348 5084 uliquid
1365 5011 1435 5070 licus
1455 5019 1502 5067 eut
1526 5010 1589 5067 lacit
1608 5028 1642 5068 ex
1656 5013 1708 5068 ulie

69 5112 164 5169 deutur
175 5113 337 5170 retroneum
357 5111 404 5168 liei
419 5110 509 5168 dicere
524 5109 589 5166 niltil
604 5123 675 5176 esse,
689 5124 743 5179 qun
754 5107 860 5164 volente
914 5118 1080 5176 quecumque
1100 5118 1145 5171 τις
1161 5119 1215 5160 non
1237 5113 1326 5162 temen
1341 5121 1374 5162 ex
1387 5119 1420 5161 es
1441 5119 1472 5163 re
1484 5103 1546 5162 iecit
1566 5106 1709 5179 nutlrmit,

660 5234 803 5278 nutosttto
821 5234 863 5274 i’t‘.
884 5231 1122 5273 eeseotcrtuonun.

102 5315 171 5365 iliter
180 5316 209 5366 ed
220 5318 329 5370 oresium
339 5324 423 5368 contra
433 5315 622 5366 rosettsauisos
631 5321 657 5365 et
666 5315 824 5376 origenistas,
837 5320 868 5359 ex
882 5307 1000 5358 sedenis
1009 5306 1105 5359 dnobus
1114 5313 1167 5359 tiss
1182 5320 1215 5359 ex
1224 5310 1333 5374 quinque
1341 5307 1482 5370 Gallicanis,
1494 5308 1641 5368 colbertino,
1652 5317 1707 5360 scr·

71 5375 166 5435 bonico,
175 5379 355 5441 sigimurueust,
367 5378 492 5429 t'rctoriuis
499 5377 603 5437 duobus,
616 5381 682 5427 etex
693 5372 869 5437 antiquioribus
879 5369 1026 5419 citirouitrus
1035 5376 1214 5422 comedisset.

113 5458 366 5539 compererimus
376 5469 527 5539 preterca
541 5473 590 5520 cus
606 5474 708 5520 omnes
722 5454 873 5518 editiones
889 5449 984 5515 initio
994 5451 1079 5530 Retr.
1092 5448 1287 5529 etcopiose,
1298 5460 1322 5513 t.
1336 5453 1366 5526 1,
1382 5460 1575 5547 memoratos.
1621 5452 1664 5521 11.

948 5613 956 5642 ¹
971 5617 1034 5672 tim,
1045 5624 1102 5675 qmn
1112 5613 1176 5677 {min
1186 5618 1230 5673 est,
1245 5610 1289 5664 no·
1299 5618 1387 5664 nutum
1401 5625 1448 5669 tton
1457 5619 1499 5669 ert.

949 5673 1004 5723 'tu
1027 5675 1152 5726 rictortois
1181 5675 1285 5740 aliisque
1307 5673 1429 5727 urmtrnilis
1454 5676 1592 5739 udieiirusq
1619 5687 1706 5732 ιοιιιιι·

105 5729 258 5798 (sisennius
267 5709 504 5795 unuctmsttltlt'
917 5741 974 5791 ent.
