3938 6360
163 181 233 248 rou
724 173 1228 245 burmannianataausrm
1736 186 1810 245 reae

163 310 225 370 quae
233 296 290 368 jam
303 302 380 353 erant
393 295 421 353 ia
437 293 532 361 rebat,
547 300 689 363 remquam
706 296 951 362 cognoscentiam
1009 287 1133 360 virgilius
1147 291 1218 346 enim
1231 306 1292 348 cum
1305 293 1346 349 sai
1359 308 1413 351 non
1423 293 1536 352 oblitam
1545 295 1652 355 diceret
1665 296 1807 368 lilgsaem,

163 386 209 443 rel
221 400 254 443 es
265 384 354 443 amaia
364 398 425 456 qaae
437 398 486 455 per
499 380 639 439 historiam
650 386 847 452 cognoscuntur
860 395 867 432 a
880 391 953 450 qaae·
1005 377 1069 451 quid
1083 378 1154 435 aliud
1174 379 1283 453 intelligi
1298 382 1398 451 voluit,
1413 385 1463 441 nisi
1476 384 1547 458 qnod
1562 386 1725 443 meminerit
1745 387 1809 444 snil

164 477 226 534 dan
241 490 307 533 rere
319 475 399 532 simul
411 488 472 532 esse
489 472 635 544 incipiant;
649 471 723 528 astat
734 470 758 526 si
775 467 875 540 aliquid
889 468 953 523 risi·
1005 466 1073 525 Cum
1087 484 1150 542 ergo
1162 470 1213 527 sibi
1228 487 1345 542 presens
1357 481 1442 540 esset,
1461 475 1534 531 nullo
1548 476 1630 532 modo
1645 477 1690 533 sai
1704 492 1808 534 meme·

164 566 230 635 bile,
241 564 311 638 quod
322 564 433 621 omnino
442 576 496 619 aon
507 569 575 630 erat,
589 567 651 616 ants
662 568 768 616 nostros
777 557 870 614 oculos
883 556 953 613 oria·
1006 558 1108 626 nisset,
1123 559 1175 616 uisi
1196 561 1229 617 ad
1251 577 1295 618 res
1317 572 1463 635 praesentes
1485 567 1613 622 memoria
1636 565 1805 639 pertineret.

165 666 219 727 tur,
232 654 409 728 cognitionem
421 663 539 710 nostram
552 652 643 724 atique
656 665 709 706 noa
721 649 857 720 prasente
870 657 915 703 aut
929 647 953 703 si
1005 648 1171 721 Quapropter
1185 651 1254 707 sieut
1274 653 1300 708 in
1315 653 1395 711 rebus
1409 657 1549 726 preteritis
1562 672 1594 713 ea
1608 658 1748 715 memoria
1763 659 1806 714 di·

163 747 265 820 aliquid
278 755 370 812 sonet,
384 745 429 803 abi
442 744 518 802 adest
529 744 651 808 auditor,
663 742 744 799 simul
755 740 873 813 prolecto
885 741 952 796 inci·
1005 740 1089 810 citur,
1103 756 1155 812 qna
1167 742 1198 798 tlt
1210 751 1238 799 ιιι
1247 744 1352 800 ualeant
1366 746 1446 802 recoli
1461 755 1489 803 et
1504 748 1638 805 recordari
1655 750 1718 806 :sie
1730 749 1760 805 ia
1776 766 1806 806 re

165 838 321 912 plantasse,
331 836 462 907 simulqne
472 829 952 902 desinuntetsonuseteiusauditus.
1006 832 1129 901 prasenti
1146 834 1216 903 quod
1228 835 1278 891 sibi
1293 845 1334 892 est
1345 853 1435 906 mens,
1455 841 1581 895 memoria
1596 840 1659 898 aine
1673 842 1804 899 absurdi·

165 928 355 986 Verumtamen
372 927 431 983 sire
446 934 568 997 tempore
588 920 781 995 presidentia,
800 921 857 977 siae
874 918 953 976 simul
1007 929 1061 978 tate
1076 920 1187 978 dicenda
1210 934 1267 993 est,
1285 942 1336 996 qna
1350 927 1400 983 sibi
1412 936 1509 999 presto
1528 937 1570 985 est
1591 938 1619 985 ut
1632 944 1682 985 sua
1695 930 1804 1003 eogita-

164 1032 226 1076 crse
244 1016 396 1089 incipientia
414 1014 603 1088 cognoscibilia
624 1011 802 1084 agnitionem
823 1010 953 1082 gignant,
1006 1012 1175 1085 aonspossta
1191 1015 1321 1088 intelligi,
1334 1026 1362 1075 et
1380 1028 1521 1091 atramque
1542 1019 1583 1075 sui
1600 1022 1721 1077 amare¹
1740 1036 1805 1077 con·

164 1123 219 1166 non
233 1109 386 1180 cognitione
398 1108 550 1180 gignuntur.
560 1104 716 1178 cognitione
727 1117 792 1161 raro
803 1103 883 1170 lacta,
893 1115 954 1157 cum
1003 1104 1091 1175 iungi.

166 1214 199 1257 ea
211 1214 272 1272 qaas
288 1199 476 1272 cognorimrts,
491 1197 577 1270 posita
589 1197 615 1253 in
630 1195 758 1253 memoria
770 1193 954 1250 recordatione
1041 1193 1154 1252 calba·
1170 1196 1227 1253 llll.
1243 1229 1279 1240 -
1300 1199 1344 1256 tt.
1358 1197 1508 1257 Trinitatis
1528 1209 1609 1256 arente
1619 1218 1650 1257 eo
1663 1212 1702 1258 cat
1714 1203 1803 1275 imago

165 1289 333 1356 tribunam
346 1289 407 1360 qais
425 1303 479 1345 non
492 1287 580 1345 rideat
594 1287 709 1358 priorem
722 1299 783 1343 esse
795 1293 914 1356 tempore
926 1282 954 1339 ia
1006 1282 1071 1352 tle,
1085 1301 1135 1355 qao
1155 1288 1282 1353 meraiair,
1296 1288 1413 1361 iutellipit
1424 1299 1448 1345 rt
1462 1289 1544 1362 ditiqit
1559 1289 1657 1359 Dmm,
1672 1291 1746 1363 qaod
1762 1301 1802 1347 ert

165 1380 295 1437 memoria
308 1379 505 1449 retentionem,
528 1393 609 1451 quarn
630 1378 657 1433 in
676 1375 861 1433 recordatione
875 1375 956 1430 risio-
1006 1376 1139 1446 mpientiq.
1160 1376 1223 1434 llaec
1244 1378 1323 1451 igitar
1344 1380 1447 1436 trinitas
1466 1381 1563 1439 mentis
1581 1396 1633 1438 aon
1652 1394 1801 1455 propterca

166 1486 246 1541 sem,
260 1478 288 1529 et
298 1470 378 1543 bujns
390 1471 529 1544 utriusque
543 1471 620 1528 tertia
631 1471 767 1526 voluntate
777 1466 957 1540 junctionem?
1008 1464 1055 1521 bei
1072 1474 1114 1522 est
1133 1466 1237 1538 imago,
1259 1469 1320 1540 quia
1335 1470 1375 1525 sui
1390 1471 1511 1527 meminit
1524 1487 1615 1536 meas,
1629 1481 1658 1529 et
1672 1473 1802 1546 intelligit

166 1561 252 1620 Porro
263 1571 352 1619 autem
371 1562 397 1619 in
415 1571 505 1620 merite
517 1575 572 1619 aon
590 1562 630 1617 sie
642 1568 684 1617 est
698 1575 705 1613 ε
719 1573 807 1630 neque
822 1555 894 1612 enim
906 1555 955 1610 ad·
1007 1570 1039 1612 ac
1050 1556 1135 1628 diligit
1147 1572 1195 1614 se:
1210 1559 1258 1615 sed
1272 1559 1334 1630 qnia
1349 1568 1437 1630 potest
1450 1561 1530 1619 etiam
1542 1563 1707 1629 meminisse,
1720 1573 1750 1620 et
1760 1565 1803 1621 ia-

166 1654 277 1711 reatitia
289 1654 339 1710 sibi
351 1655 407 1726 ipsa
417 1661 470 1723 est,
482 1653 558 1726 quasi
569 1652 601 1708 ad
615 1666 646 1708 se
659 1650 743 1722 ipsam
754 1665 813 1721 qum
822 1648 877 1719 jam
887 1655 955 1712 erat,
1009 1648 1137 1719 telligere,
1151 1657 1180 1705 et
1197 1665 1287 1707 amare
1299 1666 1314 1705 a
1326 1666 1380 1720 quo
1400 1651 1468 1708 lacta
1481 1660 1532 1709 est.
1543 1652 1621 1720 Quod
1639 1669 1700 1710 eum
1715 1654 1800 1725 lacit,

165 1748 270 1803 reuerit
288 1747 395 1803 aliunde
413 1746 509 1804 eadem
528 1746 585 1815 ipsa
598 1759 658 1816 qnae
674 1757 728 1799 non
746 1750 819 1807 erat;
837 1750 884 1796 aut
903 1754 956 1796 non
1008 1739 1115 1810 sapiens
1133 1738 1189 1810 ipsa
1205 1740 1244 1796 tlt.
1257 1741 1286 1799 Si
1298 1752 1386 1799 autem
1401 1758 1454 1799 non
1474 1744 1553 1811 lacit,
1574 1748 1654 1802 etlam
1675 1760 1740 1802 cum
1758 1748 1800 1805 sai

116 1855 124 1870 ·
167 1836 276 1893 aliunde
288 1837 406 1904 venerit,
420 1835 467 1893 sed
481 1837 506 1891 in
518 1850 549 1892 sc
560 1835 616 1906 ipsa
626 1849 685 1905 qnae
695 1833 749 1903 iana
760 1840 834 1900 erat,
849 1840 909 1888 nata
921 1831 957 1887 sit
1008 1830 1147 1898 meminit,
1161 1846 1273 1903 seseque
1289 1833 1411 1905 intelligit
1424 1850 1456 1891 ac
1469 1834 1565 1908 diligit,
1578 1838 1660 1894 stulta
1674 1846 1728 1895 est.
1742 1839 1800 1897 lle·

166 1941 201 1983 ca
213 1927 269 1998 ipsa
278 1942 338 1998 quan
349 1942 401 1983 aaa
412 1935 469 1983 erat
484 1928 508 1993 *ς
524 1926 592 1983 sicat
604 1926 630 1981 iu
645 1933 735 1981 mente
749 1924 872 1997 quaejam
887 1932 955 1991 erat,
1008 1921 1115 1978 minerii
1126 1922 1215 1993 itaque
1229 1924 1275 1980 liei
1287 1925 1345 1991 sai,
1358 1925 1391 1982 ad
1406 1925 1482 1996 catius
1498 1927 1639 1999 imaginem
1654 1927 1724 1984 lacta
1737 1937 1799 1997 est,

167 2018 254 2074 orittu
267 2016 332 2075 ddce
350 2034 410 2091 qaae
420 2032 473 2075 non
490 2026 549 2075 erat
567 2037 574 2075 a
593 2026 639 2074 aut
653 2025 713 2088 post
723 2017 901 2090 coguitionem
914 2016 956 2072 snt
1007 2027 1122 2081 eumque
1144 2012 1274 2086 intelligat
1285 2026 1365 2087 atque
1378 2015 1480 2088 diligat.
1493 2017 1569 2086 Quod
1588 2026 1618 2075 ιιι
1631 2019 1743 2076 brevius
1755 2020 1800 2078 di·

167 2106 335 2165 rcnordando
351 2123 381 2163 se
400 2108 484 2179 ipsam
499 2107 571 2163 reiut
583 2106 609 2163 in
624 2106 752 2162 memoria
766 2119 815 2161 sua
827 2106 957 2162 constitn-
1007 2115 1081 2166 eam,
1093 2102 1163 2158 colat
1175 2104 1256 2160 beura
1272 2120 1325 2161 uon
1340 2105 1456 2174 laetam,
1471 2110 1549 2178 cajus
1559 2109 1594 2165 ab
1605 2124 1639 2165 eo
1657 2125 1745 2181 capax
1757 2122 1801 2168 est

167 2204 222 2253 mm
241 2196 329 2266 ridet,
350 2197 427 2270 quast
443 2212 496 2254 aon
517 2197 552 2252 lbi
572 2195 654 2252 luerit
665 2205 806 2266 antequam
821 2209 851 2251 se
871 2196 955 2266 ipsam
1008 2189 1093 2259 lacta,
1113 2201 1140 2248 et
1160 2193 1237 2264 eujus
1256 2196 1389 2266 particeps
1403 2210 1462 2253 esse
1477 2206 1583 2268 potest;
1602 2201 1801 2273 propterquod

165 2297 349 2360 regenerarem
364 2303 426 2344 eum
439 2286 558 2360 prolecto
569 2301 603 2343 ex
618 2301 671 2359 qao
685 2300 745 2342 esse
764 2286 863 2356 erepit,
884 2300 955 2341 trun·
1007 2283 1134 2354 scriptum
1146 2295 1198 2350 est,
1209 2284 1276 2343 Ecce
1285 2286 1333 2342 liei
1341 2289 1425 2344 cattas
1437 2290 1605 2359 ertmpimtia
1615 2289 1678 2361 (lai
1694 2307 1800 2360 aaran,

165 2391 246 2448 qanta
260 2377 301 2433 sui
316 2378 490 2446 meminisse,
504 2392 640 2449 nunqnam
653 2392 685 2433 se
698 2377 862 2448 intelligere,
885 2392 955 2433 nun·
1006 2372 1053 2447 28)
1067 2392 1074 2431 r
1089 2384 1117 2431 et
1131 2391 1184 2431 non
1198 2392 1246 2433 sira
1260 2376 1328 2444 luce,
1343 2379 1389 2433 sed
1402 2394 1512 2434 summm
1522 2378 1593 2435 illias
1606 2380 1673 2436 lucis
1685 2381 1800 2451 partici-

165 2482 246 2538 quatn
259 2482 289 2524 se
303 2482 393 2524 amare
407 2468 555 2536 destiterit,
568 2468 638 2525 sicta
657 2467 712 2540 iam
726 2466 900 2525 ostendimus.
916 2469 956 2526 Ae
981 2485 986 2493 ·
1008 2466 1113 2537 patinae
1126 2468 1233 2541 sapiens
1245 2470 1310 2537 erit,
1325 2480 1404 2542 atque
1417 2471 1461 2526 ubi
1474 2477 1590 2538 aterna,
1604 2472 1640 2529 ibi
1653 2472 1733 2530 beata
1752 2489 1800 2531 te·

167 2571 216 2627 per
227 2556 279 2613 boe
292 2558 398 2629 quartdo
411 2559 579 2631 adseipsaau
595 2559 754 2630 cogitatione
773 2559 953 2627 convertitur,
1006 2556 1107 2628 gnabit.
1121 2558 1166 2613 Sic
1189 2559 1261 2615 enim
1282 2558 1379 2628 dipitur
1393 2559 1444 2616 ista
1468 2557 1585 2617 bominis
1598 2562 1748 2632 sapientia,
1770 2571 1801 2620 ιιι

167 2646 198 2701 iit
217 2645 338 2713 trinitas,
360 2646 387 2703 in
406 2663 457 2719 qua
474 2646 530 2719 jana
549 2656 576 2704 et
590 2648 699 2703 uerbum
714 2648 798 2721 possit
821 2648 954 2720 intelligi:

165 2736 297 2792 iormatm
316 2738 414 2810 quiippe
439 2753 471 2794 es
497 2738 554 2810 ipsa
577 2739 737 2808 cogitatione
761 2741 793 2806 ¹,
819 2740 956 2798 vaaluntate

167 2834 310 2898 atrumque
328 2827 466 2900 jungente.
483 2827 521 2885 lbi
540 2840 604 2899 erga
625 2828 709 2900 magis
726 2828 894 2900 agnoscenda
914 2838 957 2887 est

164 2917 254 2989 imago
265 2933 344 2989 qnam
357 2918 512 2990 quaerimus.

199 3008 313 3066 catat
327 3008 373 3065 xt.
383 3040 419 3051 -
432 3010 475 3066 ii.
491 3009 531 3066 Aa
551 3018 576 3065 et
595 3010 755 3082 proesmtinar
772 3010 806 3066 rit
823 3011 953 3066 pressoria.

164 3097 219 3156 Sed
232 3098 305 3157 dicet
316 3099 412 3171 aliquis
424 3117 431 3158 ε
442 3099 501 3156 Non
519 3107 561 3156 est
574 3100 624 3156 ista
638 3101 781 3167 memoria,
803 3115 856 3173 qna
878 3116 955 3157 mens

163 3189 206 3248 sul
218 3190 372 3249 meminisse
384 3189 556 3263 perbibetar,
567 3206 627 3262 qum
640 3191 691 3248 sibi
708 3206 815 3263 semper
828 3199 870 3248 est
883 3207 954 3264 prac-

163 3296 237 3339 sens.
249 3281 377 3339 liemoria
390 3282 462 3340 caim
475 3282 674 3355 preteritorum
687 3290 747 3351 est,
767 3299 820 3340 non
837 3298 955 3354 praesen·

163 3375 231 3430 tiam
243 3390 251 3430 r
264 3389 326 3431 nam
338 3374 445 3447 quidam
458 3389 520 3431 cnm
529 3374 564 3432 da
576 3373 716 3432 uirtutibus
726 3383 845 3447 agerent,
859 3376 885 3432 in
895 3376 955 3448 qni·

165 3469 215 3524 bas
225 3476 269 3524 eat
283 3469 363 3524 etiam
375 3466 492 3535 Tullius,
508 3467 534 3522 in
549 3466 599 3522 tria
613 3466 662 3522 ista
676 3466 843 3538 prudentiam
856 3465 955 3524 divise

165 3564 236 3624 rant,
252 3556 420 3623 memoriam,
434 3554 651 3627 intelligentiam,
665 3554 858 3624 providentiam
874 3572 882 3609 a
896 3571 954 3612 rae·

165 3647 277 3706 moriam
297 3647 398 3704 seilicet
415 3647 572 3716 praeteritis,
592 3646 792 3717 intelligentiam
815 3648 954 3716 prasenti-

164 3735 225 3803 bua,
237 3736 430 3806 providentiam
442 3736 523 3792 rebus
533 3735 679 3791 tribuentes
691 3734 798 3800 lutaris,
808 3751 888 3806 qnam
901 3753 953 3794 non

165 3825 264 3882 babent
276 3834 376 3881 certata
391 3825 441 3881 nisi
456 3824 559 3895 praescii
577 3823 740 3890 tatarorum
754 3824 825 3895 spraud
841 3841 892 3880 raon
912 3835 955 3882 ost

164 3928 262 3970 manus
275 3913 430 3980 bominum,
447 3913 498 3968 nisi
519 3912 598 3969 detur
611 3911 744 3982 desuper,
760 3921 790 3967 nt
802 3913 952 3982 troptmats.

164 4005 241 4065 Uada
254 4005 389 4076 Scriptura
403 4004 540 4076 sapientiae
553 4004 588 4061 da
607 4003 760 4061 homiuibus
770 4005 868 4062 aierts⁸
884 4024 891 4061 τ
904 4005 954 4063 Ca·

163 4097 311 4171 piraticaer,
327 4097 425 4168 inquit,
441 4095 586 4151 arortaiirrar
600 4095 708 4163 tiaridoe,
719 4105 742 4150 et
754 4097 856 4153 lacerta
867 4098 951 4169 proui-

163 4188 255 4246 dentiae
266 4196 359 4244 aastrrr
369 4187 449 4260 (Sap.
460 4201 500 4254 tx,
515 4185 704 4258 tritemoria
717 4201 780 4242 tero
792 4186 826 4243 de
838 4200 947 4258 prater·

163 4282 227 4350 itis,
241 4290 269 4338 et
289 4279 463 4352 intelligentia
476 4279 511 4335 de
538 4278 714 4349 praeseutibas
726 4289 799 4335 curta
821 4288 882 4347 est,
903 4279 951 4337 sed

162 4372 340 4444 presentibus
352 4371 444 4442 utirpae
456 4368 668 4439 incorporalibus
677 4366 688 4401 ⁸
698 4368 778 4425 rebus
793 4386 801 4424 a
817 4385 877 4424 riam
891 4383 953 4426 cor·

162 4462 268 4532 pontes
286 4459 463 4530 corporalium
482 4465 629 4529 praesentes
642 4466 706 4513 sunt
723 4457 873 4527 aspectibus
887 4472 953 4514 oeu-

164 4552 260 4608 torum
271 4551 322 4608 Sed
333 4551 378 4623 qui
387 4550 451 4606 dicit
463 4548 619 4606 memoriam
632 4564 686 4604 non
698 4563 759 4605 esse
772 4549 951 4618 praestarium,

164 4640 282 4699 attendat
296 4639 520 4714 queamdmodum
533 4638 632 4696 dietam
644 4639 679 4696 sit
691 4640 717 4694 in
739 4638 803 4710 ipsis
816 4639 953 4695 saculari-

163 4733 215 4791 bus
227 4733 341 4801 litteris,
357 4733 402 4789 ubi
422 4731 530 4802 majoris
543 4730 591 4788 luit
603 4746 675 4788 eura
689 4731 829 4788 rerburmn
846 4730 954 4802 iutegri-

164 4834 205 4882 tas
216 4842 294 4899 quant
307 4826 408 4883 ceritas
421 4840 510 4881 rerum
524 4841 533 4880 a

481 4910 806 4987 aacmlhqassustlpsees,

252 4976 376 5030 mbtusre
383 4977 422 5028 sul
433 4981 472 5028 est
481 4976 575 5027 ttbactts
584 4975 722 5027 manuae
730 4980 806 5025 tanto

435 5054 539 5121 (maa.
552 5054 621 5120 aaa
638 5068 699 5107 serr.
711 5054 766 5117 oea,
778 5055 845 5119 aaa.)

193 5231 201 5263 ¹
220 5227 261 5279 ttic
271 5225 329 5279 editi
340 5225 445 5278 addunt:
455 5224 518 5278 ricta
535 5223 561 5277 ia
578 5223 630 5290 ipsa
643 5222 738 5296 mariae
748 5236 803 5296 qrroe
820 5237 867 5275 amr
886 5234 955 5299 erant

157 5288 279 5350 mim,
289 5294 332 5339 atat
348 5286 403 5339 allis
418 5286 556 5339 decoribus
581 5292 623 5336 οιιι
638 5283 818 5347 coriambus
839 5299 953 5351 proprus,

159 5349 224 5405 sicat
233 5347 306 5416 fides,
315 5349 377 5402 sicat
392 5348 498 5401 sinutra
509 5319 586 5399 verbe
600 5347 648 5397 buc
664 5344 729 5396 rmte
739 5345 853 5397 translata
870 5361 902 5399 er
913 5361 953 5399 ca-

161 5406 598 5538 ¹¹iffilirditi⁰ini¹tiil;
611 5405 837 5534 {didimia

119 5574 124 5585 ⁵
190 5534 479 5656 :metffi‘lffie
489 5597 553 5653 ttss,
565 5587 736 5654 corporalibus

1006 2647 1085 2703 etiam
1104 2647 1149 2702 liei
1164 2648 1208 2703 sit.
1223 2649 1298 2704 Tunc
1308 2650 1379 2706 enirn
1397 2665 1458 2706 uera
1472 2659 1514 2707 est
1529 2669 1537 2706 a
1553 2667 1613 2707 nam
1634 2651 1656 2707 si
1679 2651 1799 2709 bumana

1007 2744 1065 2800 est,
1086 2752 1154 2793 varra
1172 2746 1223 2794 est.
1243 2738 1340 2795 ilerum
1363 2756 1416 2796 non
1441 2741 1476 2796 ita
1499 2741 1548 2797 liei
1568 2757 1619 2812 qua
1633 2743 1742 2812 sapiens
1755 2752 1800 2801 est

1007 2826 1087 2882 Deus.
1097 2826 1188 2899 Neque
1205 2829 1275 2884 euim
1289 2829 1487 2900 participatione
1500 2831 1541 2886 sui
1556 2831 1662 2904 sapiens
1674 2842 1728 2899 est,
1741 2834 1800 2889 sic·

1007 2923 1037 2972 at
1055 2930 1130 2971 mens
1158 2916 1358 2990 participatione
1372 2918 1429 2976 Dei.
1443 2918 1496 2975 Sed
1510 2919 1735 2989 quemadmodum
1755 2920 1800 2977 di·

1006 3005 1075 3062 eitur
1087 3006 1167 3062 etiam
1177 3006 1279 3076 iustitia
1300 3008 1365 3074 liei,
1382 3024 1436 3065 nou
1454 3009 1539 3065 solam
1554 3008 1597 3066 ilia
1609 3024 1660 3080 qna
1675 3010 1733 3081 ipse
1747 3010 1797 3083 ju·

1005 3105 1063 3153 stus
1075 3105 1128 3164 est,
1138 3097 1186 3153 sed
1198 3113 1277 3169 quana
1290 3098 1336 3154 dat
1348 3097 1448 3154 bomini
1460 3113 1520 3154 cum
1529 3098 1656 3169 instillent
1669 3100 1795 3172 impium,

1006 3201 1086 3257 quam
1110 3186 1301 3243 cortrmeudans
1325 3188 1469 3259 Apostolus
1492 3187 1530 3244 ait
1552 3188 1587 3246 de
1616 3189 1797 3260 quibusdam,

1006 3276 1158 3351 ignoranter
1169 3279 1236 3334 enim
1250 3278 1439 3351 deijustitiam,
1453 3289 1478 3337 et
1489 3297 1562 3336 raam
1569 3282 1696 3353 justitiam
1708 3285 1798 3342 maa·

1005 3378 1042 3425 tea
1053 3370 1215 3436 constituere,
1230 3372 1337 3442 justitie
1349 3371 1395 3427 Dei
1410 3389 1460 3428 aaa
1475 3381 1532 3427 sant
1544 3373 1649 3445 subiecti
1658 3374 1748 3446 (Raris.
1762 3393 1796 3448 s,

1005 3457 1035 3531 bl
1050 3479 1056 3516 :
1071 3461 1110 3517 eie
1122 3463 1201 3518 etiam
1221 3461 1273 3518 dici
1294 3471 1380 3533 potest
1394 3461 1428 3520 de
1448 3463 1605 3535 quibusdam
1617 3506 1625 3530 ,
1638 3464 1797 3537 ignorantes

1006 3548 1052 3605 liei
1066 3551 1232 3621 sapientiam,
1246 3560 1274 3608 et
1286 3567 1360 3607 suam
1372 3552 1490 3609 volentes
1502 3553 1674 3623 constituere,
1687 3557 1797 3629 sapien·

1006 3641 1050 3697 tiae
1063 3642 1108 3697 liet
1119 3657 1172 3697 non
1186 3652 1249 3698 sarit
1260 3643 1384 3713 srilrjoeti.

1040 3733 1085 3788 lb.
1099 3731 1147 3789 Est
1159 3733 1236 3804 igitur
1250 3742 1341 3790 natura
1356 3749 1408 3791 non
1430 3733 1515 3802 laeta,
1536 3752 1596 3809 quan
1616 3734 1677 3793 lecit
1699 3754 1797 3797 oannes

1004 3831 1115 3878 ceteras
1138 3838 1248 3893 magnas
1271 3839 1418 3895 parvasque
1433 3834 1558 3892 naturas,
1582 3828 1620 3883 eis
1642 3843 1709 3898 quas
1731 3827 1796 3887 lecit

1005 3912 1064 3969 siue
1077 3911 1241 3969 dubitatione
1262 3917 1450 3984 prestantior,
1466 3932 1497 3973 aa
1513 3931 1562 3987 per
1573 3916 1625 3973 boc
1644 3919 1694 3975 ltac
1711 3920 1795 3978 etiam

1004 4001 1039 4059 de
1058 4017 1111 4075 qua
1135 4003 1279 4074 loquimar,
1294 4005 1415 4060 rationali
1428 4014 1457 4062 ot
1471 4007 1657 4074 intellectuali,
1672 4025 1732 4081 quaa
1746 4010 1796 4066 bo-

1004 4091 1084 4148 minis
1095 4107 1171 4148 mene
1180 4102 1230 4160 est,
1244 4093 1277 4149 ad
1291 4094 1405 4165 ejusqui
1418 4111 1476 4151 eam
1488 4095 1549 4153 iecit
1560 4098 1699 4169 imaginem
1712 4099 1794 4157 lacta.

1005 4182 1051 4239 llla
1064 4191 1153 4240 autem
1167 4185 1272 4241 ceteris
1293 4195 1386 4240 natura
1410 4188 1579 4256 praestantior
1600 4188 1670 4244 Deus
1684 4199 1735 4246 est.
1762 4193 1796 4248 Et

1004 4273 1111 4344 qttidetn
1125 4291 1174 4329 aare
1187 4274 1261 4347 iorrqe
1274 4277 1370 4346 positas
1382 4277 1412 4331 ab
1425 4294 1572 4348 unaqueque
1585 4288 1708 4347 aratrum,
1724 4283 1795 4340 sicat

1004 4364 1240 4436 apostatantium
1255 4368 1419 4439 adjungens,
1433 4367 1466 4423 lu
1480 4371 1526 4426 ttto
1545 4373 1611 4427 raim
1625 4374 1749 4443 riainmr,
1770 4386 1795 4432 et

1004 4472 1149 4523 orerentur,
1165 4466 1188 4510 et
1199 4473 1286 4513 saratas
1307 4457 1375 4533 (Act.
1397 4477 1450 4515 ιιιι
1461 4503 1468 4526 ,
1480 4460 1530 4527 at,
1544 4461 1602 4536 ΞΒ).
1618 4464 1695 4533 Quod
1710 4465 1733 4521 si
1749 4483 1795 4524 se·

1004 4544 1119 4602 enardum
1132 4561 1229 4617 oorpas
1241 4546 1351 4615 diceret,
1360 4551 1440 4606 etiam
1447 4551 1481 4609 de
1492 4553 1543 4607 isto
1550 4568 1679 4624 corporeo
1692 4558 1794 4615 mundo

1005 4643 1095 4706 posset
1105 4637 1224 4709 intelligi.
1239 4638 1304 4694 Nam
1316 4649 1343 4696 et
1357 4641 1382 4695 iu
1397 4642 1442 4696 illo
1454 4645 1599 4701 secandum
1612 4644 1711 4718 corpus
1725 4649 1794 4704 rivi-

1005 4742 1081 4792 mas,
1096 4743 1254 4796 movemur,
1267 4739 1295 4787 et
1308 4746 1410 4788 sumas.
1426 4732 1502 4790 liade
1516 4736 1662 4792 secundnm
1676 4747 1794 4796 mentem

1005 4832 1064 4887 qun
1078 4817 1147 4875 lacta
1169 4828 1211 4875 est
1229 4821 1263 4876 ad
1277 4821 1335 4892 ejus
1349 4825 1489 4895 imaginem
1503 4824 1605 4892 ,debet
1619 4825 1670 4882 boe
1688 4829 1795 4900 accipi,

1005 4908 1193 4966 excellentiore
1205 4911 1330 4983 quodam,
1345 4915 1493 4986 eodemque
1505 4932 1557 4973 non
1571 4916 1679 4987 risibili,
1690 4920 1738 4976 sed
1754 4921 1796 4978 in·

1006 5001 1135 5075 tetttgtbttt
1157 5004 1328 5062 modalium
1347 5007 1409 5080 qnid
1430 5025 1482 5065 non
1505 5018 1547 5066 est
1560 5009 1586 5065 in
1602 5010 1675 5082 ipso,
1689 5010 1723 5067 de
1741 5028 1796 5085 quo

1005 5093 1094 5151 divine
1105 5094 1232 5167 seriptum
1245 5105 1296 5164 est,
1312 5097 1437 5166 ossariam
1451 5116 1482 5154 aa
1493 5100 1559 5171 ipse,
1572 5109 1596 5156 ct
1606 5117 1652 5171 per
1661 5101 1756 5172 ipsam,
1771 5113 1797 5161 et

1005 5184 1032 5237 ia
1045 5183 1100 5256 ipso
1113 5195 1173 5240 rant
1186 5187 1271 5241 auraria
1283 5185 1372 5258 (Rana.
1392 5204 1436 5254 ιι,
1451 5189 1516 5256 labli
1529 5189 1644 5247 Proinde
1658 5192 1681 5247 si
1694 5191 1720 5247 iu
1735 5191 1797 5263 ipso

1005 5282 1067 5330 snm
1089 5274 1195 5343 omum,
1214 5275 1241 5332 in
1261 5291 1314 5347 quo
1335 5277 1441 5333 tandem
1456 5288 1567 5351 possunt
1581 5280 1670 5337 virere
1682 5296 1742 5351 qaae
1755 5283 1797 5339 ri·

1005 5375 1079 5432 ruat,
1090 5375 1117 5422 et
1127 5366 1227 5424 moveri
1240 5382 1300 5439 quae
1312 5377 1463 5437 morentur,
1474 5369 1525 5427 taisi
1536 5371 1563 5427 in
1576 5385 1629 5441 qao
1641 5370 1723 5426 sunt?
1735 5371 1795 5429 Non

1006 5468 1095 5516 tamen
1113 5473 1208 5515 omnes
1223 5472 1283 5515 eam
1298 5458 1345 5514 illu
1362 5469 1424 5515 satit
1444 5476 1477 5518 co
1489 5462 1569 5520 modo
1591 5477 1643 5532 qno
1656 5463 1680 5520 ci
1693 5461 1796 5521 dietum

1038 5591 1046 5623 ¹
1063 5587 1115 5640 sola
1125 5587 1179 5639 iere
1191 5588 1264 5640 alitio
1274 5595 1431 5651 tov.,amorr.
