3938 6360
245 372 278 414 oa
291 365 392 413 tantum
404 355 581 420 absumimus,
593 368 653 423 pure
667 356 768 409 incocta
780 364 807 408 et
821 353 910 408 mollia
924 361 1037 423 possunt

245 446 403 504 absorberi?
414 447 443 502 Si
455 450 518 517 ergo
533 446 581 500 ista
592 446 809 516 compensatione
823 454 876 498 tarn
891 445 988 498 nrnltos
998 445 1036 496 ei·

246 537 288 594 bis
297 538 392 594 umine
403 538 508 593 dolores
519 537 654 615 indigitis;
667 551 715 591 cnr
724 537 757 591 ab
769 537 813 591 illo
821 536 879 591 solo
887 536 1036 598 abstinetis,

244 631 278 688 ad
297 646 374 703 qutetn
395 631 509 685 maxime
529 630 579 684 ista
594 630 737 685 necessitas
750 628 840 700 cogit?
855 628 926 682 Nam
937 628 1037 683 lruetus

244 730 332 792 potest
345 729 371 776 et
381 718 478 776 crudus
490 720 609 786 comedi,
622 721 690 775 sieut
702 733 732 776 se
741 720 861 775 nonnulli
869 719 950 774 uestri
959 734 1037 775 exer-

243 819 372 874 cuerunt,
393 818 422 865 ut
441 811 491 865 iroe
510 818 562 866 non
575 819 677 866 tantum
690 812 723 866 de
737 812 839 881 pontis,
853 810 1036 865 verumetiam

243 903 276 958 de
290 903 414 958 omnibus
428 903 543 958 oleribus
558 903 683 959 lacerent.
697 902 726 959 Sl
738 912 827 959 autem
840 918 894 958 noo
907 903 1035 967 vellatur,

243 1004 289 1049 aut
300 994 454 1059 decidatur,
468 1004 513 1050 aut
524 1010 630 1066 quoquo
643 996 722 1050 niodo
734 994 856 1050 demetur
867 1010 899 1051 ex
913 1004 983 1050 terra
994 995 1036 1049 rel

243 1084 354 1151 arbore,
370 1086 460 1141 venire
469 1086 502 1140 ad
517 1101 605 1142 eseam
618 1087 691 1140 nullo
706 1096 783 1156 pacto
794 1095 891 1156 potest.
904 1086 960 1141 lloc
971 1099 1036 1154 ergo

244 1176 321 1231 laeile
339 1177 430 1232 debuit
446 1193 505 1233 esre
520 1180 639 1244 reniale,
653 1180 776 1250 sineque
790 1180 813 1234 ei
827 1180 968 1235 subvenire
982 1193 1035 1233 non

243 1268 387 1334 valeretis,
403 1283 455 1323 non
470 1269 507 1323 illi
522 1277 573 1323 tant
589 1270 664 1324 multi
677 1271 809 1325 cruciatus
821 1302 828 1335 ,·
842 1285 910 1340 ortos
924 1270 949 1324 in
965 1284 1035 1339 pne-

242 1359 367 1427 parandls
387 1361 473 1426 escis,
493 1361 621 1416 membris
635 1358 679 1416 ilci
694 1361 774 1416 rettri
788 1377 840 1417 non
853 1361 977 1417 dubitetis
993 1361 1035 1414 in·

243 1448 322 1505 lerre.
343 1451 378 1504 at
398 1451 468 1506 enim
488 1452 575 1522 plorat
593 1454 687 1519 arbor,
706 1468 767 1507 cnm
783 1453 882 1508 ‘ructus
896 1455 1034 1524 carpitur:

244 1538 294 1595 lroc
308 1541 404 1613 qnippe
420 1541 509 1598 dicere
524 1557 576 1597 rron
589 1544 754 1599 enrlrcscitis.
768 1542 847 1600 Certe
860 1547 933 1599 norit
946 1548 1035 1601 omnia

243 1631 295 1686 rita
317 1646 376 1700 qam
397 1631 432 1686 ibi
453 1640 513 1698 est,
535 1642 561 1687 et
584 1635 720 1704 praesentit
740 1634 800 1704 rprls
817 1635 850 1690 ad
863 1651 921 1690 eam
936 1637 1033 1691 teniat.

244 1719 416 1777 lenientibus
432 1737 495 1791 ergo
508 1722 605 1778 Electis
617 1766 624 1791 ,
638 1733 665 1779 et
680 1738 756 1793 poma
769 1724 958 1794 carpentibus,
972 1740 1036 1796 gau·

244 1808 309 1865 alere
321 1809 421 1877 debuit,
435 1827 488 1866 non
502 1811 625 1882 plorare:
641 1815 714 1869 illum
725 1816 903 1871 transitorium
913 1816 1034 1873 dolorem

243 1908 315 1954 tanta
336 1899 463 1957 felicitato
481 1916 673 1972 compensans,
696 1913 721 1959 ct
739 1913 838 1960 trunam
852 1906 968 1961 evadens
982 1908 1034 1961 mi-

242 1990 360 2057 seriam,
375 1991 399 2046 si
413 1992 439 2046 in
454 1992 520 2046 alios
534 1993 677 2048 incidisset.
693 1993 746 2048 Cur
759 1995 847 2065 imque
861 2009 968 2065 pomum
981 2012 1033 2053 oon

242 2079 395 2151 decerpitis,
406 2096 466 2136 curn
477 2081 602 2152 decerpto
612 2091 665 2136 tarn
676 2083 772 2138 meritas
783 2084 1034 2157 plagasdoloresrpre

243 2169 390 2238 ingeratis?
410 2170 596 2238 iteponere,
617 2173 640 2227 si
663 2174 782 2242 potestis.
798 2172 852 2228 Nec
867 2174 921 2243 ip'sa
934 2174 1032 2244 jejunia

239 2261 315 2314 rubis
327 2270 481 2330 competunt
494 2277 501 2314 :
516 2262 650 2317 nonenim
664 2270 769 2331 oportet
782 2278 875 2319 uacare
887 2263 1030 2330 fornacem,

240 2349 268 2402 in
291 2366 343 2419 ntra
365 2351 501 2420 spirituale
524 2366 616 2405 aurum
639 2352 672 2407 de
697 2353 823 2415 stercoris
845 2355 1032 2411 eontnrirtione

240 2448 387 2509 purgatur,
410 2449 438 2495 ct
456 2455 471 2495 a
495 2441 652 2497 miserandis
673 2445 784 2500 nexibus
805 2445 893 2500 divina
914 2446 1030 2503 nrctnbra

240 2529 389 2586 soiruntnr.
417 2531 585 2604 Quapropter
614 2533 658 2589 ille
681 2544 722 2589 est
744 2534 941 2591 misericordior
963 2538 1032 2594 inter

239 2632 306 2682 ros,
324 2620 368 2690 qni
388 2634 417 2675 se
432 2622 548 2690 potuerit
561 2621 595 2677 ita
609 2636 752 2689 exercere,
768 2632 796 2679 ιιι
810 2623 874 2681 nibil
886 2626 945 2694 ejus
958 2626 1029 2683 rale-

238 2710 323 2765 tudini
344 2710 430 2776 obsit,
452 2727 524 2783 sape
546 2713 643 2769 cnidos
661 2714 734 2769 cibos
757 2730 879 2782 sumere,
902 2726 929 2772 et
946 2718 1030 2774 multa

237 2815 404 2857 consumere.
426 2802 480 2859 llos
494 2813 582 2860 anem
594 2814 622 2860 et
636 2813 722 2862 tantm
744 2822 837 2878 poenas
848 2823 915 2865 esee
933 2821 1030 2866 restrae

238 2891 380 2962 irrogando
400 2892 543 2950 crudeliter
567 2894 748 2963 manducatis,
767 2906 795 2954 et
814 2914 829 2953 a
849 2901 1028 2959 membrorum

239 2980 387 3036 diuinorum
403 2985 557 3057 purgatione
569 2988 700 3044 cessando
711 2990 853 3047 crudeliter
862 2992 996 3062 jejunatis.

276 3071 387 3128 eatur
403 3073 472 3127 ll.-
481 3074 513 3128 Et
523 3075 626 3132 audetis
639 3085 728 3137 tamen
747 3081 827 3135 etiam
839 3084 1028 3141 saerilieiale·

236 3161 360 3215 ttamenti
371 3161 474 3218 Veteris
486 3167 635 3234 exsecrari,
648 3176 676 3224 et
690 3169 864 3227 idololatriam
879 3175 1026 3242 nominare,

237 3260 265 3305 et
280 3250 305 3306 in
321 3250 472 3321 bnjusrnodi
482 3254 650 3326 sacrilegium
665 3273 714 3313 nos
728 3276 834 3332 quoque
845 3265 957 3319 sociare.
973 3264 1028 3321 llo-
1069 3312 1072 3317 .

239 3341 274 3397 de
295 3357 343 3411 prro
368 3343 443 3397 trolris
459 3346 531 3413 prius
553 3348 765 3418 respondemus,
781 3352 876 3408 sieilln
895 3353 951 3422 iam
973 3371 1025 3410 rron

237 3446 298 3487 esse
320 3432 346 3487 in
366 3434 491 3503 operibus
512 3437 631 3504 trostris,
647 3449 676 3494 ut
692 3455 724 3495 ea
742 3447 830 3497 maten
850 3442 877 3497 in
892 3446 1027 3516 mysteriis

237 3522 386 3578 diuinarum
409 3525 627 3595 Scripturnrurn,
649 3531 682 3585 ad
709 3531 878 3602 intelligenda
902 3552 961 3607 qnae
984 3536 1027 3592 liis

236 3616 413 3683 pronuntiata
430 3627 492 3670 sunt
504 3659 510 3684 ,
524 3618 716 3689 arrtpleetamur
728 3639 734 3676 :
747 3622 807 3691 nuria
825 3633 852 3679 et
866 3626 922 3695 ipsa
934 3625 1026 3697 signnm

237 3715 338 3760 nostra
352 3704 473 3771 luerunt,
489 3716 517 3762 et
530 3709 618 3763 onrttia
631 3710 692 3765 talia
704 3712 794 3767 multis
808 3723 835 3768 et
846 3715 926 3772 uariis
938 3718 1025 3772 modis

232 3786 318 3851 'uarrm
331 3797 501 3871 sacrificium,
515 3798 591 3867 cujtts
603 3816 672 3856 rturtc
682 3804 836 3858 memoriam
847 3806 1024 3874 celebramus,

236 3883 463 3956 significaverunt.
482 3886 558 3945 Unde
582 3890 633 3945 isto
650 3891 821 3959 ret·elato,et
839 3910 889 3951 suo
906 3903 1026 3968 tempore

232 3972 326 4029 oblato
337 4015 345 4041 ,
358 3973 403 4030 itia
414 3975 448 4032 de
460 3976 556 4048 agendi
568 3978 722 4036 celebritate
736 3982 836 4038 sttbiata
847 3995 923 4053 sunt,
938 3987 984 4042 sed
999 3988 1025 4043 in

234 4063 401 4135 significandi
415 4068 572 4124 auctoritate
585 4080 748 4126 manserunt.
763 4072 866 4144 Scripta
880 4085 939 4130 rant
952 4078 1025 4134 enim

234 4163 339 4225 propter
351 4171 414 4221 nor,
429 4156 455 4210 in
468 4174 530 4229 quos
541 4158 600 4227 ptris
613 4161 763 4215 saeculorem
776 4161 873 4218 eivenit
883 4164 905 4236 (l
920 4164 980 4220 Cor.
996 4183 1023 4234 x,

235 4244 267 4298 ll
278 4244 298 4314 ).
313 4243 364 4300 Sed
381 4248 406 4300 in
418 4247 457 4301 eis
468 4247 589 4303 uidelicet
602 4248 750 4306 interiectio
763 4268 810 4308 uus
824 4263 912 4310 nroret
924 4256 1026 4311 anima-

235 4332 317 4400 lium,
331 4350 391 4388 cnm
406 4336 456 4389 ista
469 4338 556 4392 omnis
570 4349 689 4395 creatora
702 4343 794 4397 usibus
809 4343 944 4399 bominum
960 4362 1025 4418 qaro-

236 4421 297 4476 dam
312 4424 392 4478 modo
413 4426 626 4484 conditionaliter
645 4432 753 4489 serviat.
769 4432 822 4490 Sed
837 4451 902 4503 ros,
913 4438 958 4508 qui
975 4437 1024 4492 lto·

238 4511 302 4566 nrini
317 4514 439 4570 mendico
453 4519 581 4574 esurienti
595 4537 690 4592 punem
705 4539 757 4580 non
771 4526 905 4599 porrigitis
919 4570 927 4594 ,
942 4527 1024 4585 inise-

236 4602 354 4657 rieordes
377 4606 441 4661 estis
465 4609 493 4660 in
518 4623 612 4678 pecora
629 4653 637 4677 ,
654 4614 749 4683 quibos
769 4617 871 4673 arrirnas
895 4618 1025 4674 lrnrnanas

237 4690 326 4747 inesse
340 4693 456 4749 creditis.
475 4696 602 4752 bantinus
617 4709 703 4755 autem
724 4703 802 4759 iesus
821 4705 848 4760 in
862 4722 893 4761 ea
909 4707 1025 4763 crudelis

235 4784 300 4849 luit,
315 4800 375 4840 eum
388 4788 523 4843 daernoncs
536 4790 561 4843 in
575 4806 681 4862 gregem
696 4810 835 4864 porcorum
847 4841 855 4867 ,
870 4815 930 4855 cnm
952 4802 976 4856 id
990 4804 1024 4856 ab

234 4888 269 4930 eo
289 4886 417 4943 peterent,
434 4878 472 4934 ire
491 4881 610 4948 permisit
622 4881 727 4953 (Metto.
741 4901 797 4952 vrrs,
812 4889 867 4959 52).
881 4892 1023 4958 Quietiora

235 4966 353 5021 nondum
368 4966 551 5026 demonstrato
564 4987 611 5042 per
621 4974 772 5043 passionem
787 4981 917 5036 sterillcio
929 4998 1024 5055 eorpo-

235 5055 274 5111 ris
296 5058 360 5125 sui,
375 5059 479 5116 cuidam
499 5063 622 5132 leproso,
649 5079 727 5135 quern
750 5066 943 5139 mundaverat,
961 5076 1022 5130 ait:

242 5145 325 5215 Vade,
339 5152 441 5207 ostende
452 5162 476 5207 tc
487 5155 626 5221 secerdoti,
641 5164 665 5212 ct
677 5155 740 5225 offer
752 5176 844 5216 muner
859 5172 945 5233 tenor,
956 5169 1023 5239 qnod

236 5240 354 5310 precepit
377 5240 479 5314 dogm
490 5246 510 5313 ¹,
524 5247 550 5300 io
577 5248 745 5305 testimoninm
767 5252 819 5306 illis
840 5252 914 5324 (Lac.
925 5274 952 5326 r,
966 5260 1020 5333 ld).

235 5326 319 5401 tingis
329 5331 417 5400 enim,
431 5336 493 5404 quia
505 5344 532 5391 ct
554 5353 602 5410 per
614 5337 760 5411 Prophetas
776 5341 845 5399 Deus
858 5357 928 5415 s'epe
942 5356 1024 5406 testa·

237 5408 292 5485 tur,
317 5419 416 5476 nullius
440 5438 471 5479 se
490 5425 549 5481 talis
569 5428 686 5484 muneris
705 5430 882 5502 indigere,et
894 5435 969 5493 laciie
981 5450 1022 5497 est

232 5549 332 5676 ming:
342 5566 478 5620 conemur
486 5570 562 5622 prope
573 5565 637 5624 sss,
647 5567 672 5614 er
680 5562 740 5627 effer
749 5567 896 5631 prorepant
907 5574 1022 5632 preceris

631 241 940 300 contentiosius
960 237 1185 306 utotcttrtttttt
1204 242 1233 299 S.
1253 243 1436 301 AUGUSTlNl

1830 254 1888 312 252

1091 351 1194 405 ratione
1216 352 1368 423 perspicere
1389 354 1460 425 quod
1476 368 1526 411 nee
1539 356 1597 427 ejus
1611 358 1648 412 rei
1661 365 1750 430 egeat,
1765 361 1812 433 qul
1826 363 1887 419 orri-

1092 440 1142 494 lins
1155 452 1224 511 egen
1240 443 1408 511 cornpellitur
1419 444 1523 499 animus
1532 444 1664 502 humanus
1673 447 1809 519 inquirere
1820 451 1885 520 quid

1087 546 1141 586 nos
1155 547 1202 601 per
1217 532 1274 588 irae
1285 533 1383 589 docere
1397 534 1511 590 voluerit
1525 574 1533 601 ,
1547 534 1594 606 qui
1607 536 1698 607 utiqrte
1717 553 1772 594 nort
1786 539 1884 595 trustra

1089 639 1133 686 ea,
1150 624 1246 693 quibus
1255 640 1308 680 non
1321 625 1431 696 indiget,
1441 625 1604 695 sibiiubcret
1615 627 1774 695 ollerri,rtisi
1783 631 1885 703 aliquid

1091 715 1118 769 in
1133 717 1173 770 eis
1185 716 1356 779 ostenderet,
1371 717 1441 788 quod
1457 717 1535 773 nobis
1548 727 1575 774 et
1588 733 1668 775 nosse
1679 720 1840 790 prodesset,
1856 732 1887 789 et

1090 804 1187 860 talibus
1200 807 1282 876 signis
1292 806 1453 877 praefigurari
1467 816 1611 878 oporteret.
1619 808 1673 866 llos
1681 820 1771 868 autem
1784 825 1884 885 quanto

1090 895 1184 951 melius
1197 904 1225 951 et
1238 897 1376 953 honestius
1387 897 1461 963 istis,
1471 900 1655 969 quamvisjam
1669 911 1760 957 nostro
1769 906 1884 975 tempmi

1090 999 1142 1039 nnn
1163 986 1335 1052 necessariis,
1351 995 1439 1042 umen
1452 987 1662 1058 significantibus
1675 991 1774 1062 aliquid
1785 1003 1813 1049 et
1831 995 1882 1051 do·

1088 1077 1225 1143 centibus,
1237 1077 1375 1133 merilleiis
1388 1078 1579 1145 subderemini,
1593 1096 1672 1151 qnam
1687 1083 1764 1139 robis
1776 1083 1811 1139 ab
1825 1086 1883 1141 Διι·

1077 1166 1219 1223 -ditoribos
1231 1169 1327 1225 uestris
1340 1169 1414 1224 viras
1427 1184 1547 1225 escarum
1562 1171 1682 1226 uictimas
1696 1173 1787 1230 ollerri
1798 1176 1880 1246 julae·

1089 1258 1154 1313 retls
1176 1266 1204 1313 et
1225 1257 1466 1315 crederetistttam
1487 1274 1547 1315 eum
1569 1263 1706 1332 apiostolus
1726 1264 1826 1322 Paulus
1845 1266 1881 1322 de

1088 1347 1263 1418 ortibusdam,
1280 1358 1389 1420 propter
1406 1351 1499 1420 epulus
1523 1351 1696 1422 Euangelium
1708 1353 1880 1423 predicanti·

1089 1436 1139 1495 bus
1152 1480 1159 1503 ,
1173 1439 1411 1510 congruentissime
1429 1441 1547 1507 dixerit,
1570 1442 1684 1510 Quorum
1704 1443 1774 1500 oeus
1797 1456 1881 1504 uerter

1087 1538 1125 1582 ert
1140 1527 1277 1599 (Philipp.
1298 1545 1341 1594 m,
1360 1516 1432 1600 tete
1446 1540 1607 1600 quantenus
1625 1537 1808 1604 arrogantiore
1829 1537 1880 1592 im-

1087 1619 1185 1689 pietate
1194 1619 1318 1689 jaetatis;
1331 1620 1377 1689 otri
1389 1631 1509 1676 rentrenr
1522 1632 1639 1677 restrum
1655 1640 1708 1680 non
1722 1625 1817 1691 lieutn,
1828 1628 1876 1684 sed

1087 1708 1158 1779 quod
1185 1709 1362 1764 sceleratioris
1387 1711 1506 1766 audacie
1533 1721 1592 1779 est,
1620 1713 1667 1769 Dei
1691 1715 1878 1775 mundatorem

1086 1799 1177 1855 dicere
1189 1815 1242 1855 non
1264 1800 1382 1856 timetis?
1394 1802 1476 1871 Cujus
1491 1819 1570 1872 porro
1583 1804 1726 1862 dementiae
1739 1817 1782 1864 cst
1795 1849 1804 1877 ,
1819 1811 1878 1879 pios

1086 1900 1118 1945 se
1141 1890 1224 1946 rideri
1253 1892 1340 1957 telle,
1360 1894 1430 1964 quod
1455 1894 1489 1948 ab
1514 1896 1669 1952 animalium
1694 1898 1878 1958 interlectione

1086 1992 1117 2034 se
1130 1986 1288 2049 temperent,
1304 1996 1365 2035 eum
1378 1997 1471 2037 omnes
1484 1999 1544 2039 suas
1560 1998 1636 2040 escas
1649 1987 1757 2044 easdem
1774 1990 1877 2047 anirtrau

1087 2068 1185 2124 babere
1197 2068 1305 2136 dicant;
1321 2071 1433 2141 quibus,
1448 2083 1475 2127 ut
1491 2082 1605 2143 putant,
1621 2075 1789 2146 virentibus,
1804 2090 1878 2137 tanta

1085 2162 1194 2217 rrrlnera
1209 2174 1237 2217 et
1252 2163 1374 2219 manibus
1387 2172 1414 2220 et
1425 2164 1549 2221 dentibus
1564 2168 1705 2238 ingerenti
1723 2225 1729 2235 ,

1119 2251 1232 2309 CAPUT
1245 2253 1323 2308 lii-
1332 2253 1386 2310 Cur
1396 2264 1495 2321 autern
1504 2257 1526 2312 si
1537 2259 1737 2316 comibustesei
1750 2277 1803 2317 non
1816 2265 1875 2319 rul-

1085 2341 1129 2407 tis,
1141 2355 1196 2398 non
1213 2343 1268 2414 ipsa
1283 2344 1406 2400 animalia
1419 2345 1475 2402 [teo
1487 2356 1576 2403 restro
1590 2349 1678 2405 obbta
1691 2352 1832 2421 etaetatis,
1846 2365 1875 2410 ιιι

1083 2431 1180 2487 animae
1196 2432 1248 2487 itte
1259 2472 1267 2498 ,
1280 2447 1346 2503 quas
1367 2450 1420 2489 trun
1442 2435 1529 2490 solunt
1555 2437 1651 2506 putatis
1669 2439 1815 2510 lrumanas,
1826 2443 1873 2498 sed

1085 2519 1120 2576 ita
1133 2521 1247 2589 dirinas,
1257 2531 1286 2577 ut
1296 2523 1352 2593 ipsa
1362 2523 1408 2579 liei
1420 2525 1540 2581 membra
1552 2541 1613 2583 e-se
1621 2528 1747 2596 credatis,
1758 2545 1772 2584 a
1785 2535 1873 2587 carnis

1083 2628 1191 2670 earcere
1214 2615 1379 2670 dimittantur
1391 2656 1399 2683 ,
1412 2624 1440 2672 et
1459 2632 1493 2673 ne
1518 2619 1613 2673 iterum
1639 2620 1765 2687 redeant,
1779 2625 1873 2680 restris

1083 2703 1246 2759 orationibus
1258 2704 1479 2762 commendentur
1488 2707 1501 2761 i
1510 2709 1552 2763 An
1562 2709 1675 2780 antplius
1683 2726 1730 2766 eas
1742 2712 1873 2784 adjuratis

1082 2802 1177 2850 uentre
1193 2810 1273 2864 quam
1287 2804 1396 2863 mente,
1411 2806 1439 2852 et
1449 2796 1494 2853 illa
1509 2798 1596 2866 potius
1612 2799 1659 2855 liei
1674 2811 1770 2857 natura
1785 2803 1872 2858 salra-

1069 2889 1142 2949 .tur,
1159 2898 1219 2953 qttm
1240 2884 1336 2939 restris
1349 2884 1495 2940 uisceribus
1514 2886 1631 2942 critalari
1643 2892 1779 2958 meruerit,
1793 2909 1872 2963 nerant

1081 2987 1141 3043 qrrae
1154 2973 1250 3029 restris
1272 2973 1395 3043 precibus
1418 2976 1620 3033 ecrtrmcndarii
1647 2979 1788 3051 Propterea
1809 3000 1873 3061 ergo

1081 3064 1167 3119 uentri
1187 3073 1274 3119 restro
1298 3077 1393 3134 pecora
1416 3080 1468 3120 non
1490 3065 1662 3136 sacrilieatis,
1676 3072 1737 3141 quia
1761 3088 1792 3127 ea
1815 3078 1872 3128 rita

1081 3152 1221 3210 absumere
1253 3170 1306 3210 non
1344 3158 1471 3227 potetis,
1491 3169 1521 3214 nt
1545 3175 1637 3216 corum
1664 3160 1767 3220 atrimae
1793 3166 1875 3227 inre*-

1080 3245 1202 3301 cossione
1216 3247 1295 3302 vestri
1309 3247 1438 3302 stomachi
1454 3249 1580 3304 liberetis.
1590 3250 1612 3307 0
1622 3251 1698 3331 beata
1711 3253 1796 3321 olera,
1814 3258 1873 3327 quti-

1080 3333 1130 3390 bus
1143 3345 1169 3390 et
1180 3351 1258 3390 ritorto
1271 3336 1379 3403 evulsis,
1395 3345 1423 3393 ct
1435 3337 1505 3394 lerro
1514 3340 1638 3408 concisis,
1654 3350 1681 3397 et
1694 3341 1756 3415 igne
1768 3346 1871 3400 emein-

1081 3424 1134 3492 tis,
1150 3433 1176 3480 et
1194 3425 1274 3481 dente
1295 3427 1417 3481 eorrtritis
1431 3466 1439 3493 ,
1452 3443 1608 3486 rorteesmno
1628 3441 1670 3487 est
1691 3441 1778 3490 tanuen
1796 3444 1826 3490 ut
1838 3437 1871 3489 ad

1079 3524 1228 3571 rostrorum
1251 3517 1434 3573 intestinorum
1455 3535 1534 3588 aras,
1550 3523 1610 3577 vira
1626 3526 1800 3594 perveniant!
1816 3540 1871 3585 eto

1080 3608 1176 3664 nriseta
1189 3624 1295 3680 pecora,
1306 3624 1364 3681 qtae
1374 3624 1434 3665 errrn
1444 3612 1523 3668 eitius
1534 3612 1568 3668 dc
1577 3629 1691 3686 corpore
1700 3631 1749 3673 suo
1760 3630 1870 3683 exeunt,

1080 3696 1106 3750 in
1120 3707 1208 3754 restra
1221 3714 1333 3769 corpora
1349 3700 1448 3757 intrare
1462 3716 1515 3758 non
1532 3707 1659 3773 possunt!
1672 3706 1710 3763 lta
1727 3707 1871 3765 delirantes

1079 3785 1166 3843 adbuc
1180 3789 1277 3858 pretatis
1288 3791 1359 3861 qttod
1373 3790 1433 3848 ideo
1447 3808 1538 3849 snmus
1553 3793 1651 3852 inimici
1662 3797 1767 3855 leteris
1780 3800 1872 3857 Testa·

1079 3878 1179 3945 menti,
1192 3880 1252 3948 quia
1274 3881 1372 3937 nnllam
1393 3898 1500 3939 carnem
1510 3886 1672 3943 immundam
1685 3890 1817 3960 ducimus,
1833 3904 1871 3950 tc·

1078 3978 1173 4025 aetates
1191 3971 1311 4041 apostoli
1333 3976 1508 4046 sententiam,
1522 3978 1653 4048 dicentis,
1671 3981 1761 4038 Omnia
1775 3988 1871 4040 oranda

1078 4060 1496 4136 marciniacensium
1520 4068 1563 4124 unt
1589 4070 1717 4129 mornas
1739 4057 1786 4141 nr,
1808 4074 1869 4132 noa

1078 4151 1146 4220 qrrod
1159 4152 1235 4207 intrat
1247 4153 1273 4207 in
1287 4171 1315 4209 oe
1325 4165 1443 4222 ecetram,
1454 4173 1497 4213 eor
1506 4156 1650 4232 coinguinat
1660 4201 1668 4227 ,
1680 4161 1724 4217 red
1736 4166 1805 4235 gaud
1819 4170 1870 4222 erit

1078 4238 1184 4311 (Mettis.
1199 4258 1253 4309 xv,
1269 4242 1324 4315 ll).
1339 4244 1416 4312 Qttod
1429 4262 1481 4302 non
1502 4248 1535 4303 ad
1554 4250 1625 4306 solas
1637 4251 1730 4329 turbas
1742 4253 1870 4312 liontinus

1077 4330 1157 4398 dixit,
1169 4333 1236 4388 sient
1247 4344 1335 4389 rester
1348 4336 1515 4404 Adimantus,
1524 4356 1605 4411 quem
1620 4351 1681 4412 post
1695 4344 1868 4402 llaniclnennt

1078 4420 1191 4476 Farrstns
1214 4424 1344 4494 prectpne
1370 4424 1476 4493 laudat,
1496 4444 1558 4485 eum
1584 4430 1672 4488 leuen
1698 4434 1869 4492 Testamenta

1077 4512 1300 4576 mtrrnniaretnr,
1316 4514 1397 4570 roiult
1417 4516 1541 4587 intelligi,
1557 4519 1605 4576 sed
1623 4523 1704 4578 etiam
1723 4536 1868 4584 remotusa

1078 4590 1176 4666 turbis,
1190 4604 1239 4658 boe
1252 4604 1320 4659 ident
1335 4605 1472 4677 discipulis
1485 4610 1540 4664 suis
1554 4609 1703 4670 euidentius
1717 4624 1744 4672 et
1758 4632 1868 4688 expres·

1076 4691 1132 4748 sius
1143 4693 1265 4765 elocutus
1276 4703 1318 4749 est
1333 4694 1382 4768 (a).
1394 4694 1461 4752 Cum
1477 4701 1548 4756 enim
1562 4701 1630 4758 lrane
1644 4692 1748 4761 Domini
1761 4720 1870 4765 senten·

1076 4785 1140 4838 tiam
1153 4783 1323 4840 Tesminento
1338 4785 1428 4843 lleteri
1441 4793 1610 4860 opposuisset
1622 4794 1791 4867 Adirnantus,
1805 4805 1867 4872 quia

1077 4873 1103 4928 in
1130 4873 1176 4928 illc
1199 4876 1297 4945 scripta
1323 4886 1384 4932 sunt
1404 4880 1524 4949 agundum
1540 4883 1682 4940 immunda
1701 4890 1868 4958 carnium,a

1076 4962 1172 5034 quibus
1192 4956 1237 5018 ilie
1259 4966 1372 5036 populus
1393 4967 1482 5038 jassus
1504 4980 1545 5026 est
1564 4973 1713 5043 abstinere,
1729 4981 1816 5035 tirnuit
1835 4996 1869 5036 ne

1075 5051 1126 5108 sibi
1136 5053 1270 5108 diceretur
1281 5055 1422 5128 :Curergo
1437 5075 1483 5115 ros
1498 5077 1550 5116 troo
1565 5064 1703 5133 quasdam,
1717 5067 1765 5123 sed
1775 5084 1869 5126 omnes

1075 5154 1170 5196 carnes
1185 5142 1334 5200 immundas
1346 5148 1514 5218 existimatis,
1523 5159 1604 5222 atque
1616 5154 1651 5208 ab
1659 5155 1771 5212 edendis
1779 5161 1867 5215 omni·

1075 5230 1125 5288 bns
1145 5235 1312 5305 temperatim
1335 5251 1395 5293 curn
1419 5247 1445 5293 tn
1467 5241 1523 5311 ipse
1543 5242 1663 5314 proferas
1686 5248 1867 5319 evangelicum

1076 5324 1266 5393 testimonium,
1280 5342 1332 5382 non
1342 5324 1511 5399 'coinquinari
1525 5331 1659 5391 bominem
1674 5352 1706 5393 ex
1721 5339 1753 5395 iis
1765 5356 1825 5411 quae
1839 5344 1867 5397 itt

1075 5427 1106 5467 os
1118 5412 1310 5486 ingrediuntur,
1321 5426 1347 5473 et
1361 5419 1519 5477 inventrem
1535 5423 1643 5496 radunt,
1657 5436 1737 5499 atque
1755 5429 1781 5483 io
1793 5427 1867 5485 latri-

1075 5520 1134 5560 nam
1148 5505 1423 5582 emittunturiltaque
1437 5511 1668 5585 lrasaretissimas,
1688 5529 1716 5575 et
1737 5520 1865 5580 fallaciam

1107 5641 1144 5704 (a)
1155 5648 1240 5691 matra
1250 5641 1407 5698 adimantum.
1415 5660 1482 5712 capp.
1497 5649 1534 5701 ll.
1549 5650 1586 5701 lb.
