3938 6360
175 186 228 244 sca
336 224 339 231 -
841 183 944 243 ttttstt
963 185 1150 247 SECUNDUS.
1759 203 1813 265 stu

173 300 305 356 nistravit.
319 299 389 372 Ergo
400 300 428 356 ln
439 299 564 356 omnibus
577 294 661 355 Mum
677 298 751 354 rlbit.
767 299 878 370 Propter
891 299 962 370 quod
1022 302 1124 371 paoisau
1135 311 1190 369 est‚·
1211 318 1261 360 cur
1277 319 1329 361 non
1345 304 1416 363 diem
1434 306 1531 367 Christi
1556 309 1729 387 intelligimus
1747 323 1813 373 tem·

175 391 311 463 Scriptura
323 390 656 462 praesentatoribus
666 392 754 447 furerat
767 392 838 448 beas
852 391 967 446 Abrabae
1019 406 1070 462 pus
1083 392 1193 462 Claristi,
1217 410 1270 466 quo
1279 407 1337 453 erat
1350 408 1478 456 uenturus
1492 401 1518 458 in
1531 417 1624 471 earne,
1639 405 1712 476 qarod
1722 408 1812 469 tun.

98 505 106 527 ·
174 482 208 537 ad
228 496 355 552 quereum
379 480 507 545 blambre,
522 481 572 536 sub
591 481 668 552 cujus
682 481 774 536 umbra
790 481 893 536 arboris
910 489 967 537 tres
1019 481 1081 538 barn
1093 485 1165 540 sieut
1189 488 1275 544 etalii
1289 488 1431 559 Prophetae
1453 491 1479 549 in
1498 493 1593 564 spiritu
1615 499 1700 568 potuit
1719 500 1811 559 ridere

172 576 246 632 viros
263 576 345 647 pavit,
367 589 435 647 quaes
452 574 538 631 oculis
563 576 684 646 corporis
695 575 761 630 uidit
774 591 782 628 a
794 575 821 630 in
838 575 878 630 eis
900 589 966 629 vero
1017 584 1098 645 atque
1116 576 1250 647 gaudere?
1264 580 1362 652 Neque
1377 582 1421 639 bic
1441 583 1521 656 igitur
1540 588 1612 657 quod
1632 605 1811 661 proposueras

174 666 269 731 Deunu
286 681 338 722 non
351 665 481 736 eorporis,
504 665 551 721 sed
566 666 655 721 cordis
668 665 753 722 oculis
769 664 844 732 vidit,
865 664 891 720 id
911 675 963 731 est.
1017 673 1046 721 et
1059 666 1190 736 pellicitus
1205 669 1303 733 lucras.
1320 673 1434 744 probare
1446 677 1569 746 potuisti.

172 755 302 812 intellexit
312 767 392 827 atque
405 756 548 828 cognorim
562 756 631 812 sicut
644 756 714 812 Lotis
726 757 753 813 ia
764 756 880 824 duobus,
902 771 964 812 cum
1005 790 1008 794 ι
1052 758 1079 814 a.
1093 758 1156 815 Post
1167 759 1224 817 boec
1239 763 1335 818 vertisti
1348 763 1382 820 ad
1395 766 1489 834 laceb,
1503 771 1548 840 quai
1569 772 1683 830 luctatus
1692 783 1735 831 est
1746 793 1809 835 curn

172 860 225 916 quo
235 861 288 903 uon
303 848 451 918 pluraliter,
463 847 510 904 seul
523 848 694 920 singulariter
707 849 874 921 lustrabatur,
885 849 964 920 cique
1017 850 1129 921 tegete,
1143 867 1221 923 quem
1236 855 1367 926 scriptura
1392 857 1449 929 ipsa
1467 858 1604 920 Geraesees
1626 875 1655 921 et
1672 865 1809 928 bominem

171 936 351 1007 respondebat
364 939 444 994 etiam
459 939 516 1010 ipse
531 948 656 1010 tanquam
670 954 747 994 unus.
763 940 853 995 Prima
864 939 963 1011 quippe
1015 942 1081 1000 dicit
1094 952 1121 1000 et
1135 946 1229 1003 ileum.
1241 947 1307 1004 llam
1321 949 1356 1005 ita
1371 950 1469 1023 legitur
1482 970 1489 1008 :
1501 953 1633 1013 Remonsit
1653 969 1737 1017 ouum
1759 963 1809 1018 lo·
1921 990 1933 1010 x

171 1026 305 1083 Abrabam
328 1043 377 1099 per
394 1036 450 1084 tres
472 1029 547 1085 viros
571 1029 643 1084 illam
664 1030 776 1096 audivit,
803 1038 893 1099 postes
914 1045 964 1101 per
1015 1035 1184 1103 eoluctuosa
1199 1039 1341 1096 laetabatur
1357 1041 1500 1098 bearorum
1516 1045 1653 1117 itloaspae
1672 1051 1699 1105 in
1723 1070 1806 1109 mone.

171 1134 265 1187 unum,
289 1118 450 1190 quilluobus
471 1119 497 1174 in
513 1118 629 1174 Sodoma
650 1118 775 1176 erratibus
798 1135 908 1175 manens
921 1120 963 1175 le·
1022 1123 1088 1178 Vidit
1102 1136 1184 1181 autem
1197 1129 1265 1199 quod
1275 1147 1324 1185 non
1335 1140 1415 1204 potest
1430 1135 1464 1189 od
1473 1152 1541 1203 man,
1553 1148 1577 1193 et
1598 1140 1677 1211 tetipit
1696 1142 1808 1197 latitandi·

171 1216 376 1266 tutuscstcutn
391 1222 442 1278 εο;
468 1208 640 1265 seruantem
652 1225 700 1280 per
721 1210 798 1276 duos,
823 1220 910 1265 tamen
934 1220 963 1267 ει
1014 1231 1071 1269 neat
1083 1217 1184 1285 [castoris
1194 1220 1259 1290 ejus,
1274 1230 1297 1274 ει
1307 1221 1578 1292 obstupuit¹latitudo
1591 1228 1695 1300 femoris
1713 1231 1805 1301 Jacob,
1900 1290 1904 1295 .

172 1298 231 1370 ipse
240 1315 321 1355 uuum
334 1300 485 1366 bantinum,
510 1315 589 1369 quaem
604 1314 654 1370 pro
669 1299 824 1356 liberatione
843 1315 890 1354 stra
915 1316 961 1356 ro·
1013 1303 1075 1359 dum
1093 1306 1230 1362 lactaretur
1250 1326 1307 1365 cum
1325 1327 1375 1376 ee,·
1392 1323 1416 1367 et
1438 1314 1503 1369 dicit
1527 1316 1568 1372 illi
1589 1333 1599 1373 :
1617 1317 1722 1377 Dinritte
1745 1340 1806 1389 mc,-

169 1389 258 1460 gabat
273 1389 357 1462 etqui
372 1389 397 1445 ei
411 1389 596 1460 respondebat,
611 1389 712 1445 audivit
723 1408 730 1444 :
743 1405 803 1446 cum
824 1390 915 1458 arulae,
934 1390 961 1446 td
1014 1398 1131 1452 aseendit
1143 1399 1209 1454 enirn
1222 1416 1324 1455 eurora.
1339 1401 1389 1458 lile
1402 1412 1485 1459 eutem
1498 1406 1562 1461 dicit
1573 1422 1584 1463 :
1596 1407 1657 1464 Non
1675 1420 1699 1465 ιε
1716 1412 1806 1468 dimit·

169 1489 221 1548 est,
234 1490 263 1536 et
276 1480 409 1537 bbraltam
424 1471 451 1536 et
466 1481 545 1549 Loth,
559 1479 681 1536 bomiucs
699 1488 824 1550 partarent
844 1495 894 1536 eos
915 1482 960 1552 qui
1014 1494 1074 1552 tant,
1091 1488 1140 1541 nisi
1152 1505 1192 1543 nte
1202 1488 1366 1546 benedixeris.
1383 1493 1454 1548 Dixit
1465 1506 1548 1550 nutent
1561 1498 1602 1551 ei:
1617 1498 1692 1564 Quod
1704 1512 1741 1557 est
1755 1520 1804 1560 uo·

167 1571 256 1644 angeli
265 1581 360 1640 craut;
376 1572 459 1627 Deum
473 1587 537 1628 rere
548 1572 575 1626 in
590 1572 630 1628 cis
640 1572 819 1642 intelligerent
830 1572 877 1642 qui
891 1580 957 1637 erat,
1012 1591 1069 1631 men
1083 1587 1153 1631 tatum
1163 1579 1176 1632 l
1188 1577 1239 1634 lile
1258 1591 1341 1637 nutent
1354 1583 1418 1637 dixit
1432 1601 1442 1639 .·
1455 1584 1544 1641 laceb.
1560 1587 1593 1642 Et
1607 1590 1670 1645 dicit
1690 1593 1713 1647 ei
1721 1609 1732 1648 .·
1742 1592 1804 1653 Non

168 1680 221 1721 uon
235 1673 360 1736 putarent
374 1680 436 1721 csse
447 1665 492 1736 qui
511 1679 564 1719 nou
578 1672 646 1720 crat.
668 1663 736 1733 Qarid
759 1663 811 1720 sibi
824 1678 888 1734 ergo
902 1664 959 1719 vult
1012 1668 1140 1722 uocabitur
1151 1671 1262 1741 untpiius
1275 1688 1365 1728 nornen
1387 1683 1457 1729 tarem
1469 1675 1570 1743 Jacob·
1591 1680 1636 1734 sed
1654 1680 1739 1739 lsrael
1756 1688 1804 1741 erit

166 1756 216 1812 ista
231 1757 346 1813 risibilis
361 1756 477 1813 Trinitas
496 1765 523 1812 ει
547 1755 721 1826 intelligibilis
740 1756 837 1820 unitas,
863 1755 913 1808 nisi
930 1763 960 1811 ut
1012 1773 1102 1813 austrea
1117 1769 1197 1826 tueor,
1213 1762 1273 1832 puio
1286 1764 1451 1820 aulatiuicum
1464 1765 1527 1833 Deo,
1551 1779 1575 1823 et
1588 1787 1645 1826 eum
1663 1773 1804 1834 beutinibtts

165 1847 244 1903 nobis
264 1847 445 1903 insinuaretur
455 1845 526 1919 qttod
546 1846 582 1901 ita
601 1853 655 1907 tres
668 1853 759 1902 essent
768 1845 846 1901 Pater
861 1854 888 1901 ct
912 1844 958 1902 Fl-
1011 1859 1099 1919 petens
1113 1867 1148 1906 ea.
1164 1851 1271 1923 Repeeit
1283 1863 1366 1909 nutent
1382 1872 1440 1911 eunt
1456 1855 1536 1914 tecet
1558 1860 1643 1917 dicens
1662 1864 1803 1923 abnuatis
1825 1869 1827 1872 ’

164 1938 216 1994 lius
227 1946 255 1995 et
266 1937 381 2011 Spiritus
396 1947 519 2003 sanetus,
536 1946 565 1993 ut
576 1946 665 1993 tamen
687 1936 766 1992 siunai
786 1952 839 1992 non
855 1947 909 1993 tres
921 1937 959 1994 dii
1011 1939 1074 1994 railti
1085 1958 1176 1996 norrren
1190 1951 1271 1997 tuum.
1288 1943 1320 1999 b't
1333 1945 1420 2001 diet:
1436 1945 1522 2012 Quare
1541 1950 1589 2005 lroe
1611 1952 1752 2028 irrterropur
1774 1966 1804 2015 tu

162 2030 303 2086 etdemini
315 2039 414 2097 assera,
426 2029 553 2086 sedunus
565 2029 694 2085 Dominus
706 2030 799 2085 Deus?
812 2029 855 2086 Tu
869 2037 957 2085 autem
1010 2046 1100 2086 nenton
1122 2034 1227 2088 mortua?
1246 2033 1280 2090 Et
1301 2035 1428 2093 benedixit
1449 2055 1505 2094 eam
1528 2040 1591 2096 illie.
1613 2043 1645 2098 lit
1666 2047 1803 2119 appellarit

163 2120 263 2188 dixisti,
281 2119 330 2175 llic
340 2121 408 2177 burs
422 2123 488 2176 cisat
511 2129 547 2176 cst
557 2119 686 2174 broie:
700 2120 788 2176 sciens
807 2129 834 2176 te
855 2119 951 2192 legisse
1009 2120 1188 2178 tecotnomen
1201 2123 1251 2180 loci
1260 2126 1340 2192 illius,
1352 2128 1474 2198 depectus
1484 2128 1556 2187 Dei:
1572 2131 1632 2189 Vidi
1642 2138 1709 2191 etaim
1721 2138 1801 2194 Daton

162 2210 235 2282 maed
247 2211 433 2282 scriptumest,
446 2209 533 2265 atam
544 2210 695 2266 esselieum
706 2210 820 2266 Abrabae
832 2211 865 2267 ad
876 2225 956 2282 quer·
1010 2213 1075 2285 [acie
1093 2213 1128 2267 ud
1149 2215 1250 2284 sociem,
1271 2217 1374 2272 etsulco
1396 2221 1465 2290 [oeta
1486 2232 1523 2276 est
1535 2224 1621 2279 anime
1639 2242 1694 2282 meu
1718 2229 1799 2301 (Geta.

162 2314 224 2357 cum
247 2301 390 2359 Mambre:
412 2310 439 2358 ει
461 2302 555 2357 rolens
573 2302 648 2372 qnasi
673 2303 787 2373 probare
808 2304 949 2359 Dominum
1008 2298 1212 2377 sustuli-bb).
1225 2306 1265 2363 Ex
1280 2308 1573 2369 istalectioueunieum
1594 2316 1640 2372 Del
1662 2318 1758 2375 lilium
1773 2332 1802 2377 et

161 2390 258 2447 Filium
275 2392 361 2447 risum
377 2405 439 2448 esse
453 2391 489 2447 illl
502 2392 671 2463 patriarchae,
686 2391 826 2449 declinasti
847 2393 882 2449 ab
900 2394 954 2451 illis
1008 2405 1152 2466 antequam
1164 2398 1285 2455 uertisset
1295 2399 1320 2454 ln
1331 2414 1412 2456 carne
1422 2402 1563 2459 visibiliter
1583 2408 1738 2477 apparuisse
1752 2427 1800 2467 ec·

161 2486 247 2542 tribus
259 2485 336 2552 uiris,
351 2494 378 2540 et
388 2500 436 2541 eos
447 2485 557 2540 omnino
571 2485 686 2551 tacuisti,
702 2485 728 2541 in
746 2486 843 2556 quibtts
860 2487 952 2549 narrat
1008 2485 1081 2540 uaris
1094 2487 1236 2543 estendere
1246 2506 1253 2542 :
1264 2488 1309 2543 ubi
1322 2490 1372 2546 etsi
1386 2506 1440 2546 tren
1451 2493 1567 2550 absurde
1580 2494 1702 2554 cbristus
1719 2500 1799 2557 intel·

161 2578 297 2650 Scriptura
308 2579 392 2635 ὓειιιιι
403 2579 489 2633 risum
504 2577 586 2634 baisse
601 2578 731 2644 llbtubua3
746 2594 780 2636 ne
792 2587 820 2634 tu
832 2580 890 2649 ipse
904 2593 954 2636 nos
1009 2575 1099 2649 ligitur
1112 2578 1251 2650 figuratus,
1269 2591 1380 2651 propter
1390 2583 1556 2654 prophetiam
1571 2586 1659 2644 lutura
1675 2590 1802 2648 narratiun-

162 2670 411 2727 2pm0n0muntu⁸
422 2684 483 2726 seso
500 2669 655 2726 ,aasentias
677 2670 834 2727 Trinitatem
858 2671 953 2740 [team
1008 2675 1072 2731 torn,
1086 2668 1147 2738 uaria
1162 2667 1661 2735 laturumeratutiacobiulllilssuis
1677 2682 1799 2751 quieru-

163 2762 234 2820 sicut
245 2762 325 2819 unius
336 2761 577 2818 erantsubstantiae
587 2761 699 2817 tresviri
716 2759 784 2834 ortos
791 2762 858 2817 uidit
871 2762 954 2818 birra·
1007 2757 1304 2845 cillxerutnthristunt.
1326 2762 1498 2831 prevaluisse
1516 2763 1625 2823 Christo
1644 2769 1800 2839 siberctum

161 2852 225 2908 lum
247 2871 254 2910 ε
273 2868 333 2910 cum
358 2852 527 2923 praedixisset
548 2853 696 2925 Scriptura,
724 2852 801 2911 Visus
823 2863 861 2910 est
884 2853 955 2911 Deus
1007 2859 1037 2906 ει
1060 2850 1086 2905 iu
1099 2849 1160 2906 litiis
1173 2849 1345 2908 suisritleret
1358 2851 1495 2913 Christum
1512 2855 1582 2915 tacte
1600 2858 1634 2915 ad
1652 2860 1759 2930 taciem,
1772 2873 1802 2921 et

161 2943 279 3012 Abrobae,
293 2958 343 3001 nee
357 2952 444 3000 temen
456 2952 510 3000 tres
527 2942 593 3001 deos
608 2958 677 3011 esse,
691 2944 752 3016 quia
766 2953 803 3012 ot,
821 2943 898 3000 Visus
918 2957 955 3001 ert
1007 2940 1081 2996 salva
1093 2939 1169 2997 beret
1182 2939 1269 2997 aalma
1282 2942 1461 3002 israelitarum
1472 2948 1518 3017 oui
1529 2946 1644 3007 bdelitcr
1659 2951 1712 3011 boe
1725 2955 1801 3012 ride·

161 3030 244 3104 vous,
259 3034 361 3091 dierum
372 3043 430 3103 est;
443 3049 508 3101 non,
522 3034 572 3090 uisi
593 3044 656 3090 sum
676 3035 714 3091 dii
729 3053 736 3091 :
749 3045 776 3092 er
795 3037 852 3107 ipse
870 3037 953 3094 abusa
1006 3038 1069 3086 runt
1083 3047 1091 3086 t
1106 3037 1195 3087 tamen
1218 3031 1289 3087 laune
1311 3032 1447 3091 bemineru
1474 3037 1519 3107 qui
1543 3038 1658 3097 luctatus
1677 3052 1719 3100 est
1736 3059 1799 3102 etun

161 3122 224 3180 bam
238 3133 293 3182 tres
306 3125 381 3192 uidit,
395 3133 424 3181 et
441 3141 523 3182 unum
546 3126 667 3182 adorauit
687 3144 694 3181 ε
722 3141 737 3181 a
756 3142 811 3197 uuo
825 3131 954 3197 pretertrt
1006 3121 1099 3188 Jacob.
1125 3120 1195 3178 0⁸00
1209 3122 1339 3193 propheta
1356 3125 1497 3183 evidenter
1514 3130 1639 3200 angelum
1655 3132 1729 3190 dicit.
1753 3135 1800 3195 sie

161 3216 267 3284 uoluit:
282 3217 318 3272 ab
327 3231 381 3273 uno
393 3230 522 3289 responsa
536 3217 682 3273 divinitatis
694 3219 808 3290 accepit.
829 3220 884 3276 Nee
902 3222 954 3277 ali·
1007 3212 1079 3268 essim
1094 3212 1164 3282 llud
1178 3227 1239 3269 0¹¹¹ss
1252 3214 1380 3284 seriptum
1391 3225 1432 3272 0⁸¹
1445 3215 1480 3272 (¹⁰
1490 3216 1574 3275 Jifflb
1583 3238 1597 3301 ,ἒ
1612 3219 1647 3277 1¹⁸
1655 3234 1726 3280 “lert
1738 3242 1801 3297 tap-

161 3306 305 3378 quostluos
319 3323 413 3363 earum
427 3308 495 3364 duos
507 3322 567 3364 csse
580 3307 644 3364 deos
657 3309 752 3376 sensit,
768 3309 815 3365 sed
830 3325 913 3366 unum
927 3312 953 3368 in
1007 3302 1341 3374 llssblssll'llmlttmtwm»
1358 3313 1382 3359 el
1394 3304 1421 3360 lb
1435 3304 1524 3361 ltbvre
1538 3310 1671 3377 prosum
1689 3311 1753 3380 Μ,
1774 3325 1799 3370 tl

162 3397 387 3469 continueque
405 3405 433 3453 et
452 3397 520 3453 Lotis
533 3396 600 3473 duos
619 3398 694 3462 vient,
718 3408 745 3454 ot
765 3406 852 3454 tomen
873 3416 953 3456 unum
1005 3395 1210 3465 confortatusest
1223 3409 1284 3448 eunt
1298 3396 1401 3466 rupelo,
1422 3398 1537 3469 etpetuit
1549 3397 1625 3471 (θιεε
1642 3416 1690 3469 ιιι,
1710 3404 1738 3470 5,
1757 3405 1801 3474 b).

164 3487 307 3545 bominum
321 3489 439 3560 agnouit.
456 3488 506 3547 Ubi
519 3488 584 3545 mibi
594 3488 719 3545 ridentur
730 3491 897 3562 perangelos
915 3492 953 3547 sl·
1005 3484 1081 3541 Sient
1093 3499 1158 3557 ergo
1171 3483 1199 3539 iu
1212 3483 1310 3541 Genesi
1321 3485 1366 3542 ille
1377 3486 1421 3556 out
1436 3486 1550 3544 luctatus
1561 3497 1605 3546 est
1619 3505 1680 3547 carm
1702 3491 1795 3561 Jacob,

164 3578 286 3651 unificari
301 3578 383 3635 Filius
392 3587 420 3634 et
438 3577 552 3649 Spiritus
573 3589 702 3653 serietas:
717 3581 843 3650 qnoniam
862 3596 893 3637 se
915 3582 952 3637 itii
1005 3574 1161 3632 ethomoet
1178 3575 1249 3632 bees
1260 3574 1380 3632 cicitur·
1393 3592 1400 3643 ;
1412 3579 1448 3632 ita
1461 3586 1489 3636 et
1504 3579 1539 3634 ab
1551 3577 1602 3638 boc
1620 3582 1750 3653 propbeta
1770 3598 1799 3641 et

151 3669 252 3741 angeli
265 3669 430 3727 missesesse
439 3669 580 3737 dixernnt;
594 3668 662 3727 etde
670 3670 803 3727 'l'rinitate
812 3686 873 3743 qaae
882 3672 954 3730 Deos
1006 3665 1077 3723 lieus
1096 3674 1124 3722 ct
1141 3665 1261 3737 urgclus.
1284 3666 1324 3723 be
1340 3681 1389 3737 per
1398 3667 1450 3725 boe
1463 3668 1498 3724 ita
1521 3669 1567 3741 qui
1595 3680 1654 3731 erat
1675 3674 1795 3746 aarum.

162 3768 216 3827 est,
231 3760 306 3816 selus
319 3759 397 3816 Pater
410 3773 462 3815 non
483 3759 580 3832 legitur
598 3760 711 3829 missus;
726 3760 851 3832 leguntur
864 3771 952 3818 autern
1005 3757 1094 3814 dictus
1108 3766 1151 3815 est
1163 3757 1253 3825 hemo,
1267 3760 1403 3831 quomodo
1412 3760 1451 3817 illl
1464 3760 1527 3818 dicti
1542 3770 1605 3820 tutat
1622 3763 1674 3820 uiri
1686 3767 1731 3839 qui
1746 3782 1797 3840 sp·

163 3851 238 3908 ntissi
251 3862 276 3909 et
292 3851 376 3909 lilius
386 3861 414 3908 et
427 3851 543 3923 Spiritus
557 3861 683 3921 sanetus3
699 3869 813 3926 querum
827 3870 880 3913 non
893 3856 953 3913 ideo
1006 3859 1154 3922 patuerunt
1176 3850 1301 3920 nunus,
1324 3851 1431 3923 quantia
1452 3853 1604 3911 nescientes
1616 3854 1627 3888 ¹
1640 3865 1667 3913 et
1691 3857 1749 3929 ipss
1767 3871 1796 3917 et

164 3943 426 4002 estdirersanutttra
440 3961 448 4000 ε
462 3960 523 4001 nam
537 3954 565 4002 et
583 3944 685 4002 illiniri
705 3961 753 4017 per
765 3962 832 4018 quos
851 3947 952 4020 signill-
1005 3943 1076 3999 Lotb
1098 3943 1214 4015 bospitio
1235 3955 1395 4015 receperunt
1426 3946 1545 4017 angelos.
1563 3948 1635 4005 bens
1657 3964 1798 4024 arguerat

164 4034 217 4090 cati
232 4043 304 4104 suat,
318 4034 397 4092 unius
408 4044 486 4092 erant
497 4035 670 4108 ejusdemque
680 4044 792 4092 naturae.
806 4037 954 4108 llaneergo
1006 4035 1033 4090 ln
1046 4035 1154 4117 angelo,
1169 4037 1239 4091 sicat
1251 4045 1294 4092 cst
1309 4037 1379 4093 bens
1393 4037 1419 4092 ia
1440 4037 1559 4108 heminae,
1575 4043 1690 4099 ruasirue
1708 4059 1796 4116 quaa·

164 4122 330 4196 scripturam
342 4139 394 4195 uara
405 4125 525 4181 convinci
538 4133 741 4196 praesumtum
756 4125 953 4199 silentiederi·
1005 4124 1042 4182 do
1056 4141 1104 4196 per
1118 4127 1254 4182 hominem
1276 4127 1404 4198 loquitur.
1427 4129 1466 4184 lta
1489 4137 1566 4197 rcr'o,
1579 4147 1628 4203 per
1651 4134 1723 4192 laune
1746 4152 1799 4193 art·

163 4215 238 4270 tatti.
254 4215 361 4270 Etcum
374 4214 499 4283 dixisses,
526 4214 576 4269 llic
594 4214 663 4270 Deus
681 4216 749 4270 usus
770 4224 807 4270 eat
824 4216 954 4272 Ababa:
1005 4217 1095 4287 gelum
1119 4216 1249 4289 liguratus
1263 4226 1305 4273 est
1325 4216 1459 4288 caristus.
1479 4220 1549 4277 sicut
1574 4239 1623 4293 per
1647 4223 1796 4285 huminem.

162 4305 258 4362 telem
272 4306 368 4362 lilium
383 4306 568 4362 sclumrisura
586 4306 673 4377 putari
690 4307 717 4362 in
732 4307 845 4377 eoquod
859 4308 953 4365 inGe·
1005 4306 1073 4364 llam
1093 4317 1120 4364 et
1150 4306 1225 4363 lsaae
1245 4307 1315 4363 lilius
1334 4308 1460 4377 abraae,
1487 4311 1552 4381 quid
1570 4322 1630 4369 crat
1651 4314 1678 4370 in
1701 4316 1796 4389 ligura,

163 4399 221 4456 nesi
236 4399 342 4471 legitur,
357 4398 443 4454 risum
456 4413 517 4455 esse
530 4399 613 4455 ῠεεηι
623 4397 750 4465 Abrabae.
764 4399 898 4471 quemodo
918 4392 954 4457 'sit
1006 4399 1058 4455 nisi
1078 4397 1213 4466 cbristus,
1245 4397 1353 4470 quando
1371 4400 1441 4456 sieut
1466 4400 1525 4458 oris
1546 4402 1580 4458 etl
1603 4403 1796 4467 unmolanalmn

163 4488 249 4556 risus,
272 4488 363 4545 dicere
381 4489 499 4555 noluisti,
522 4488 606 4546 neibi
624 4502 678 4545 nen
700 4489 774 4547 solus
790 4488 883 4557 Filius,
905 4492 954 4548 scd
994 4478 1102 4548 'ductus
1125 4500 1168 4548 est
1192 4491 1282 4566 (lsai.
1303 4494 1431 4566 unul),
1466 4503 1495 4552 et
1516 4498 1624 4568 quando
1650 4499 1720 4558 siem
1745 4502 1798 4560 bo

162 4572 280 4638 Trinitas
292 4590 483 4652 agnosceretur
495 4581 575 4637 Deus·
1005 4584 1094 4640 minus
1110 4598 1216 4640 cmcem
1242 4598 1330 4666 suam,
1355 4586 1392 4642 lta
1406 4595 1434 4642 et
1452 4586 1511 4659 ipse
1529 4588 1582 4646 sibl
1595 4586 1698 4662 quibus
1710 4593 1798 4652 loerat

198 4672 226 4728 8.
243 4670 335 4727 Dixisti
347 4677 435 4727 autern
452 4671 505 4727 :Si
521 4671 680 4738 υιεενειιετε,
703 4671 764 4743 quio
783 4671 867 4728 Filiae
884 4674 953 4730 claro
1006 4674 1182 4745 imponendus
1213 4674 1282 4747 ligna
1305 4677 1447 4748 portebatl
1474 4679 1629 4751 Postremo,
1656 4684 1720 4756 quid
1746 4688 1798 4742 rei·

161 4761 325 4827 maeatae,
336 4761 487 4832 utipaeipae
507 4759 656 4832 Uaipenitrn
676 4761 703 4816 in
721 4770 809 4817 macto
822 4763 954 4834 affirmauit
1005 4780 1097 4823 ramur
1116 4782 1164 4837 per
1186 4767 1310 4839 angelum
1332 4767 1472 4839 figuratum
1490 4784 1551 4827 esse
1573 4770 1681 4840 imum,
1704 4775 1728 4831 si
1743 4792 1797 4833 non

163 4852 304 4925 sumpto
313 4853 350 4908 tie
364 4867 374 4907 t
390 4870 399 4905 t
412 4850 540 4907 Abrabam
553 4861 624 4918 puter
634 4863 714 4906 essm
722 4853 854 4908 metuent
869 4861 896 4908 ut
914 4854 954 4909 ci·
1006 4860 1092 4917 solum
1106 4875 1154 4931 per
1166 4859 1312 4937 bominem,
1325 4876 1419 4917 rerum
1433 4862 1513 4920 etiarn
1527 4876 1576 4934 per
1589 4865 1798 4940 pecudemttgu.

163 4943 233 4999 deret
245 4945 311 4998 ditm
323 4932 406 4999 mitat
417 4952 460 5008 tel
470 4943 542 5010 otuu,
557 4951 581 4997 et
591 4943 692 5015 peciam
703 4951 750 4999 ιιι·
764 4961 776 4996 s
792 4941 880 5017 (lm
895 4942 951 5009 tut,
980 4973 985 4981 ·
1006 4961 1080 5008 ratus
1093 4953 1153 5008 est?
1165 4950 1231 5008 Nam
1243 4952 1305 5024 quis
1318 4953 1387 5029 alius
1399 4963 1458 5011 erat
1470 4955 1514 5012 ille
1524 4959 1597 5016 aries
1609 4958 1795 5030 unicornibus

164 5033 417 5108 cucurone,
432 5033 575 5105 spamae
589 5033 739 5104 promissat
762 5034 838 5105 euasi
857 5034 955 5090 dixerit
1007 5044 1148 5101 aeneam
1161 5044 1699 5119 navepro,nrsrcunnusemuaxas‚vet
1712 5054 1797 5125 spus

164 5120 213 5181 Μ
226 5124 320 5191 filius,
340 5123 475 5180 ΛΜΝ
489 5123 830 5196 Ρθῑθῐῖθῡιθῐθθῦθῐψῑιῑῑ·
848 5139 893 5181 ¹1¹0
912 5126 954 5181 ll·
1007 5133 1086 5190 etlam
1099 5143 1255 5190 coronatus.
1273 5134 1350 5192 llune
1363 5145 1452 5193 autem
1474 5139 1585 5195 arictum
1604 5155 1654 5211 pro
1667 5140 1737 5211 ulio,
1751 5145 1795 5200 cai

164 5213 230 5271 dcro
240 5212 256 5282 ς’
269 5223 297 5270 et
305 5215 381 5282 uidit,
389 5224 416 5271 et
429 5216 536 5286 gavisus
548 5223 599 5271 est.
614 5213 741 5288 eramris
753 5225 780 5270 et
795 5215 846 5271 boe
857 5215 897 5271 sie
906 5212 956 5269 ad·
1007 5238 1117 5295 poscere
1129 5224 1220 5296 jussas
1232 5236 1294 5294 est,
1316 5226 1463 5284 laumelarit
1482 5230 1616 5287 Abrabam
1629 5232 1714 5302 (ben.
1727 5248 1795 5302 raa,

166 5303 220 5360 buc
235 5317 323 5376 posset
336 5305 458 5378 intelligi,
481 5307 551 5379 quand
567 5317 675 5362 maetas
696 5306 849 5362 Patriarelra
869 5307 955 5363 oculis
1007 5316 1098 5389 aaz).
1110 5316 1147 5373 tra
1159 5317 1230 5374 enim
1243 5317 1342 5375 {ronnas
1356 5320 1428 5392 punct
1441 5320 1511 5377 nous
1518 5323 1607 5392 tussia,
1622 5332 1650 5378 uc
1662 5333 1750 5380 morea
1762 5341 1796 5383 ou

164 5392 253 5451 cordis
276 5394 372 5452 viderit
386 5397 433 5453 bei
456 5398 564 5466 illium,
590 5414 643 5455 nan
663 5399 748 5456 oeulis
764 5400 862 5466 cantis,
882 5400 955 5457 unde

166 5486 236 5543 intra
249 5502 299 5542 nas
313 5490 427 5544 vertitur
438 5491 561 5560 questio.
576 5491 628 5546 Sed
639 5507 699 5547 cnm
715 5490 953 5559 diseritclrristus,
1040 5469 1050 5562 ζ
1066 5468 1336 5591 &flammatu

168 5576 295 5643 Abrabam
316 5579 457 5649 concupiuit
472 5581 554 5635 cidere
578 5582 645 5636 diem
667 5592 805 5648 nrnrnuet
825 5581 906 5651 cidit,
931 5592 955 5639 rt
1040 5590 1131 5655 ιω,
1145 5591 1362 5658 quandosidentes.
1417 5620 1422 5627 ·
1791 5662 1801 5679 .

287 5671 400 5736 Seuer.
426 5675 563 5735 Auousr.
580 5675 663 5737 Vlll.
1023 5682 1033 5689 '
1357 5700 1368 5711 ·
1484 5680 1701 5785 (biaut-tiam)
