3938 6360
121 278 175 338 ma

124 400 205 464 yaivvat
228 387 362 460 apostolos
380 384 496 442 ioannes
511 383 630 455 (liena.
646 399 675 452 ιι,
687 384 703 440 'l
713 383 735 460 ),
749 395 776 441 et
790 383 913 456 prolamas

123 481 264 538 uerborum
287 477 415 534 novitates
435 476 528 533 evitari
549 474 642 546 jubeat
662 475 798 547 apostolus
817 477 914 531 Paulns

125 572 146 640 tl
157 571 223 627 Tim.
237 586 274 637 vv,
286 567 351 642 20)?
361 569 400 625 Το
414 582 489 640 ergo,
502 582 563 623 vera
579 582 675 639 sponsa
688 567 742 622 veri
755 566 852 623 Christi
863 566 914 621 lic·
932 587 936 593 ·

124 665 203 719 etesia
219 662 365 726 catbclica,
380 661 499 732 alloquar
511 669 538 716 οι
551 674 600 732 ego
614 669 640 715 ιο
658 673 706 728 pro
723 658 829 715 modulo
842 673 912 726 meo,

124 754 324 826 qualiscumque
341 750 410 806 illius
430 759 457 806 ct
475 765 568 806 servus
582 760 642 805 tuus
655 749 757 820 positus
772 749 799 803 in
818 757 844 804 te
857 748 913 804 dis·

127 858 240 917 pensare
266 841 364 897 cibaria
379 841 514 896 conservis
527 839 603 895 meis.
616 840 687 899 Cave
700 854 816 909 semper,
831 845 860 892 ιιι
870 851 914 894 οι-

125 951 181 998 res.
200 933 407 992 blatrichmorttm
432 933 539 1002 impiam
558 931 711 997 vanitatem,
731 933 786 1000 iam
810 941 914 985 tuarum

125 1026 245 1099 periculo
268 1032 415 1094 expertam,
431 1033 457 1078 et
473 1024 627 1078 liberatione
641 1023 797 1077 convictam.
812 1019 858 1076 llle
872 1035 915 1076 ιιιο

123 1116 256 1186 navandam
272 1115 306 1170 de
323 1115 425 1185 gremio
449 1124 492 1169 tuo
510 1129 585 1168 error
603 1120 776 1167 excusserat:
790 1119 914 1182 expertus

125 1205 178 1276 iugi
200 1205 268 1276 qrrnd
290 1203 405 1273 experiri
428 1217 480 1258 non
503 1202 593 1257 debui.
614 1201 666 1256 Sed
688 1199 733 1255 tihi
757 1198 915 1269 profecerint

125 1296 206 1351 ctiam
228 1294 344 1365 pericula
366 1309 437 1361 nica,
457 1292 499 1348 cni
521 1307 591 1347 nunc
609 1292 691 1347 servit
710 1290 830 1346 liberatio
844 1305 913 1345 mea.

123 1385 192 1453 Qaria
206 1386 257 1441 nisi
278 1384 341 1438 mihi
360 1398 438 1438 verus
452 1393 479 1438 ct
491 1397 573 1438 verax
586 1395 698 1452 sponsus
710 1389 780 1446 tuos,
792 1380 826 1435 de
840 1380 915 1449 enjars

125 1475 208 1531 latere
229 1475 296 1529 lacta
318 1488 363 1538 es,
383 1473 411 1527 in
431 1487 495 1528 vcro
516 1473 644 1543 sangnine
663 1486 711 1526 sno
731 1471 914 1526 remissionem

127 1574 295 1636 pcccatorum
309 1564 451 1634 posuisset,
468 1562 649 1618 absorbuisset
666 1577 708 1617 me
723 1576 820 1632 vorago
840 1561 914 1616 lalla-

125 1655 191 1722 ciae,
213 1663 240 1708 οι
262 1663 358 1708 terram
375 1653 470 1706 lactum
486 1666 595 1721 serpens
611 1651 817 1720 irreparabiliter
833 1650 911 1706 devo·

125 1753 221 1798 rassct.
236 1741 294 1796 Noli
307 1742 392 1812 decipi
408 1741 515 1795 donvine
525 1740 642 1795 veritatis
658 1759 664 1793 :
680 1739 747 1794 lrarrc
761 1740 816 1794 sola
828 1750 855 1794 tu
869 1738 914 1795 ha·

91 1883 94 1887 ,
125 1833 182 1898 hes,
204 1840 232 1886 ct
252 1833 277 1886 io
299 1833 367 1887 lacte
389 1839 452 1898 tuo,
468 1839 494 1884 et
513 1830 538 1884 in
558 1844 627 1899 pane
642 1839 703 1894 tuo;
719 1831 745 1885 in
760 1829 809 1885 hac
827 1837 914 1885 antem

126 1934 228 1981 tantum
244 1941 340 1979 rrnnveu
356 1923 413 1994 cjns
427 1933 479 1989 cst,
495 1923 551 1992 ipsa
567 1938 618 1976 raon
636 1931 686 1979 est.
703 1921 737 1978 m
751 1922 776 1977 iu
793 1923 844 1978 tnis
856 1921 916 1993 qrri·

127 2015 188 2071 dem
202 2014 345 2086 grandibus
360 2027 452 2068 secura
466 2027 496 2067 es
510 2029 516 2064 z
532 2011 578 2067 scd
593 2011 698 2081 appello
713 2012 739 2066 in
753 2021 778 2066 ιο
791 2011 915 2082 parvulus

129 2115 198 2172 turis,
209 2104 316 2170 iratres,
333 2104 410 2170 idios,
423 2103 546 2158 dominos
561 2119 644 2170 meos,
658 2118 725 2174 quos
736 2104 776 2159 vel
792 2112 916 2176 tanquam

126 2210 175 2250 ova
191 2195 310 2249 sollicitis
329 2194 379 2248 alis
398 2192 487 2259 loves,
505 2192 547 2248 vel
569 2202 692 2261 nemnem
715 2192 829 2248 infantes
849 2193 916 2250 laete

127 2287 221 2352 nutris,
233 2287 291 2342 sine
301 2285 472 2354 corruptione
486 2283 608 2350 iocunda,
619 2284 693 2353 virgo
708 2293 801 2339 mater.
816 2284 870 2340 Hos
888 2284 916 2340 in

126 2385 153 2432 ιο
167 2376 271 2446 appello
286 2384 392 2429 teneros
413 2372 481 2429 letus
502 2382 572 2438 tuos,
592 2389 625 2428 ne
641 2374 745 2444 garrula
763 2376 916 2432 curiositate

126 2466 286 2522 seducantur
295 2464 343 2520 abs
357 2473 382 2520 tc
395 2482 401 2530 ;
416 2464 463 2521 sed
480 2466 565 2535 potins
577 2464 757 2533 anathemem,
773 2467 794 2520 si
807 2466 865 2537 quis
876 2467 917 2523 eis

127 2556 347 2628 evangelizaverit
359 2565 456 2627 practer
472 2554 497 2609 id
511 2554 581 2625 qatod
595 2564 755 2626 acceperunt
768 2556 794 2610 iu
811 2563 836 2611 te
850 2555 916 2628 (Gn-

128 2649 174 2704 int.
184 2665 203 2715 ι,
213 2647 240 2721 d)
251 2665 256 2698 :
267 2663 317 2702 nec
328 2649 579 2718 relinquant-verum
590 2661 764 2718 veracemque
771 2647 914 2715 Christum,

127 2739 153 2794 in
169 2746 388 2808 qarosnntomnes
404 2736 519 2792 thesauri
532 2737 668 2806 sapientie
681 2745 708 2791 et
722 2736 841 2792 scientiae
853 2739 917 2795 abs-

127 2830 225 2887 conditi
255 2828 362 2900 (Colone.
377 2845 406 2896 ιι,
417 2829 455 2898 5),
471 2838 497 2882 et
512 2843 632 2898 magnam
647 2827 841 2882 multitudinem
856 2827 916 2883 dul·

127 2922 229 2977 cedinis
242 2921 310 2990 ejus,
322 2936 400 2993 qaaam
411 2918 549 2975 abscondit
562 2918 739 2974 metuentibus
752 2934 791 2982 se,
808 2919 918 2989 perfecit

127 3022 215 3067 antem
237 3011 405 3083 sperantibus
422 3011 448 3065 in
467 3027 497 3066 se
517 3008 612 3083 (Pani.
627 3026 690 3077 xxx,
705 3011 740 3066 ιθ
756 3010 775 3082 l.
799 3011 834 3066 lbi
854 3026 918 3069 vero

128 3104 261 3176 enarrando
276 3113 387 3174 possunt
400 3119 459 3160 esse
472 3104 551 3159 verba
567 3104 679 3169 veracis,
698 3104 723 3158 in
745 3103 916 3173 praedicatore

128 3195 225 3252 Clnisti
242 3193 361 3249 fallacis?
373 3192 518 3250 Cornemoc
534 3193 718 3249 insultationes
730 3209 821 3249 eorum
836 3211 842 3248 :
857 3194 918 3263 quia

128 3288 196 3344 hcne
216 3287 262 3341 tihi
280 3301 310 3342 es
327 3286 443 3352 conscia,
461 3284 663 3354 promissionem
685 3285 744 3340 vitae
764 3294 871 3339 aterna)
892 3293 918 3340 te

126 3380 267 3434 adamasse
290 3379 316 3433 in
338 3376 491 3433 nivrnerihns
518 3375 608 3446 sponsi
633 3374 689 3440 tui,
713 3374 810 3442 idest,
832 3374 917 3444 ipsum

129 3488 254 3543 sponsum
270 3482 355 3537 tunm,
367 3471 427 3541 quia
443 3470 500 3540 ipsc
512 3478 553 3525 cst
564 3471 615 3524 vita
630 3477 740 3524 aterna.

66 3544 71 3553 ’
165 3563 276 3619 carot
297 3561 339 3616 li.
363 3588 399 3602 -
416 3561 472 3616 Non
488 3570 586 3628 eutem,
600 3559 669 3614 sicut
682 3560 718 3615 illi
732 3559 873 3629 desipiunt,
885 3560 919 3617 ad

126 3641 244 3729 'alienum
264 3653 342 3709 deum
359 3653 466 3709 seducta
481 3667 520 3720 es,
536 3653 734 3723 prominentem
754 3654 918 3710 saturitatem

131 3745 230 3800 ventris
242 3753 269 3799 ct
290 3753 386 3798 terram
403 3741 623 3797 chananeorum.
640 3740 766 3813 intelligis
780 3744 876 3815 qrrippe
892 3747 917 3802 in

119 3837 195 3905 ipsis
209 3837 289 3892 etiam
310 3833 530 3904 promissionibus
545 3841 570 3914 te
586 3832 641 3903 jam
661 3842 724 3888 tunc
741 3833 878 3904 ngurarum
893 3845 920 3893 ct

131 3927 324 3998 prophetatam,
337 3925 527 3996 praescientiam
541 3926 685 3996 parturisse
695 3927 920 3985 sanctornmNee

133 4017 381 4089 lapideodiptychio
390 4016 532 4072 miserabili
543 4016 682 4073 dicacitate
691 4015 853 4086 reprehenso
864 4033 920 4074 ιιιο-

132 4110 219 4165 vearis
231 4128 237 4162 ι
249 4109 310 4179 qnia
323 4124 375 4163 non
389 4107 472 4163 hahes
486 4107 618 4178 lapideum
627 4123 683 4173 cnr,
697 4108 768 4178 qnod
781 4110 833 4164 illm
845 4111 919 4165 tabu-

131 4201 165 4256 lae
186 4202 212 4255 in
233 4201 330 4269 populo
350 4198 438 4269 priore
459 4197 653 4268 signideahant.
668 4197 704 4253 Es
723 4199 793 4253 enim
814 4200 921 4269 epistola

132 4288 920 4360 Apostolot·um,teriptanonatramento,scdapiritnDciiiei3

133 4398 183 4434 tren
198 4382 224 4434 in
239 4379 329 4434 tabuiis
342 4379 457 4449 lapideis,
472 4380 515 4433 sed
527 4380 554 4432 in
575 4380 666 4434 tabuiis
675 4381 757 4435 cordis
779 4381 922 4439 carnalibus

134 4470 235 4542 (licor.
246 4486 283 4534 m,
291 4462 321 4535 2,
330 4470 368 4542 5).
378 4467 483 4538 idquae
494 4467 573 4524 verba
582 4468 617 4523 illi
630 4468 689 4523 rani
699 4468 824 4539 gandent,
832 4479 923 4538 putan-

134 4572 175 4619 tes
185 4562 339 4634 Apostolum
350 4559 553 4631 reprehendisse
566 4559 790 4629 dispensationem
804 4562 841 4617 illi
856 4572 922 4620 tem-

134 4657 191 4727 pori
207 4670 348 4727 congrnam
362 4653 466 4710 Veteris
479 4653 658 4720 Testamenti,
675 4670 728 4710 non
748 4656 923 4729 intelligentes

135 4748 186 4805 hoc
204 4764 265 4803 cum
285 4764 316 4802 ex
330 4745 462 4817 Propheta
474 4744 585 4801 dixisse.
600 4745 662 4802 liae
676 4747 746 4802 enim
759 4748 849 4816 verba,
862 4764 923 4821 quae

136 4838 256 4908 imperite
266 4837 469 4908 amplectantur,
477 4824 560 4906 'longe
572 4843 713 4907 antennam
725 4852 771 4907 per
781 4834 923 4909 Apostolos

135 4929 286 4984 dicerentur
296 4937 322 4983 et
338 4926 921 4998 implerentur,aProphetis,iyuosrespunnt,

137 5019 308 5089 praenuntiata
329 5025 401 5072 sunt.
420 5016 552 5087 Propheta
572 5016 642 5072 enim
663 5016 786 5072 dixerat:
803 5019 924 5092 Anserem

136 5117 171 5164 cis
186 5125 229 5163 cor
243 5109 382 5178 lapideum,
400 5116 423 5162 et
442 5107 507 5162 dubo
521 5109 556 5162 eia
572 5124 615 5163 cor
629 5123 746 5163 carantam
759 5108 768 5180 (
781 5108 872 5165 hacta.
884 5128 923 5178 ιι,

138 5199 192 5269 ld).
206 5198 320 5254 Videant
336 5198 357 5252 si
375 5212 427 5252 non
448 5196 499 5253 hoc
518 5206 569 5263 est,
586 5195 646 5253 Non
660 5199 686 5251 in
700 5197 792 5252 tnhniis
806 5198 923 5268 lapideis,

136 5291 180 5343 scd
203 5290 229 5343 in
251 5288 341 5343 tabidis
362 5287 445 5343 cordis
463 5287 615 5343 censalibus.
626 5287 692 5342 Nam
704 5303 791 5359 neque
805 5289 840 5342 ihi
855 5290 924 5367 quod

136 5382 236 5436 ‹lictnm
252 5388 293 5435 est
310 5394 357 5434 cnr
369 5393 513 5445 carneum,
527 5392 613 5447 neque
628 5376 671 5433 hic
686 5377 781 5433 tabula}
793 5379 923 5447 carnales,

138 5469 190 5527 hoc
211 5472 310 5537 salunt,
331 5478 360 5525 nt
383 5468 525 5525 carivaliter
552 5469 704 5538 sapiamus¹
719 5485 726 5522 :
742 5467 789 5524 scd
812 5470 873 5541 qvvia
898 5471 925 5527 in

142 5624 272 5735 libitsfflmo
291 5630 362 5685 tor..
386 5620 506 5686 saginans
526 5622 579 5674 iste.
602 5622 690 5685 Abest,
712 5619 773 5686 iste,
795 5635 810 5674 ι
831 5622 927 5673 caetogs

659 282 663 291 '
721 269 821 330 llnsstt
840 269 987 339 Qntttttts
1006 270 1163 332 bttcttttJS.

1701 277 1755 335 ddi

968 388 1165 457 comparatione
1180 387 1285 460 lapidis,
1301 389 1413 461 quisine
1427 404 1505 446 sensu
1521 396 1572 457 est,
1582 404 1645 445 cero
1659 393 1754 456 sentin

966 492 1014 547 per
1032 478 1127 547 lapidis
1147 478 1373 536 insensualitatem
1392 480 1567 550 significatum
1586 490 1625 537 cst
1639 494 1686 535 cor
1702 495 1757 537 nott

967 567 1126 638 intelligens,
1145 576 1172 624 et
1189 584 1237 640 per
1255 569 1343 625 carnis
1364 570 1562 627 sensualitatem
1580 569 1756 641 significatum

966 669 1008 717 est
1020 674 1067 716 cor
1079 661 1239 732 intelligens.
1253 661 1293 716 Pu
1308 662 1395 731 potius
1410 662 1475 718 istos
1489 660 1580 729 irride,
1594 660 1753 732 qrvidieunt,

967 760 993 805 et
1008 760 1106 806 terram
1117 760 1145 807 et
1159 752 1228 823 ligna
1241 760 1268 808 et
1280 751 1380 822 lapides
1394 750 1492 807 hahere
1505 766 1623 818 sensum,
1634 758 1662 809 οι
1675 748 1755 805 intel,

967 839 1106 911 ligentinre
1117 841 1169 895 vita
1179 843 1278 910 vivere,
1288 856 1383 899 carnes
1394 848 1482 897 autem
1492 839 1628 897 stolidiore
1640 849 1667 896 et
1676 839 1753 907 uhtu„-

967 932 1048 1007 siore.
1062 930 1138 987 Unde
1154 948 1205 988 non
1218 948 1233 987 ι
1246 933 1367 1001 veritate,
1382 932 1428 989 sed
1441 948 1456 987 ι
1471 947 1518 989 sna
1529 931 1643 987 vanitate
1652 945 1753 1001 cogun-

967 1029 1010 1075 tur
1021 1019 1098 1076 iatcri
1111 1022 1236 1077 mundius
1250 1038 1308 1078 csse
1323 1023 1407 1093 legem
1421 1023 1597 1092 conscriptam
1612 1022 1638 1077 in
1657 1020 1755 1077 taldis

967 1109 1089 1180 lapideis,
1103 1127 1183 1181 quam
1197 1128 1274 1167 sunm
1295 1111 1448 1168 thesaurum
1468 1112 1495 1166 in
1511 1111 1622 1183 pellibus
1635 1109 1754 1167 mortici-

967 1201 1018 1255 nis.
1029 1202 1070 1256 dn
1087 1202 1154 1259 inrte
1171 1202 1230 1273 quia
1245 1203 1271 1257 in
1285 1202 1379 1263 iabclla
1394 1217 1441 1258 sua
1458 1202 1537 1257 ctiam
1550 1200 1649 1274 tapttes
1664 1200 1757 1256 dicunt

967 1306 1026 1348 csse
1039 1307 1099 1347 ossa
1115 1293 1274 1363 principum,
1295 1307 1348 1349 nou
1366 1294 1406 1349 eis
1423 1292 1543 1348 dubitant
1560 1293 1631 1348 coria
1650 1307 1754 1362 prapo-
1824 1304 1827 1309 ·

967 1397 1032 1438 ncre
1054 1385 1202 1453 agnorum?
1224 1383 1326 1454 Nempe
1350 1398 1414 1455 ergo
1440 1384 1483 1439 illa
1506 1383 1667 1439 Testamenti
1694 1397 1757 1438 arce

967 1473 1091 1529 mundius
1104 1474 1208 1545 tcgehat
1221 1474 1339 1546 lapideas
1352 1475 1471 1541 tubulas,
1485 1491 1564 1545 quam
1578 1476 1685 1545 caprina
1699 1474 1756 1544 pel·

967 1563 1000 1618 lis
1013 1563 1130 1620 codicem
1146 1566 1267 1621 istorum.
1280 1565 1342 1622 llaec
1356 1577 1382 1621 tu
1401 1566 1607 1623 misericorditer
1621 1567 1711 1633 irride,
1727 1576 1760 1627 ιιι

967 1657 1006 1712 cis
1027 1657 1162 1712 irridenda
1185 1666 1212 1713 οι
1232 1658 1355 1729 fugienda
1377 1658 1547 1714 commendes
1560 1677 1567 1713 ;
1581 1674 1642 1713 nam
1664 1659 1690 1712 in
1710 1656 1763 1713 ille·

968 1745 1104 1820 diptychio
1115 1748 1229 1818 lapiden,
1241 1749 1295 1820 jam
1310 1760 1337 1805 tn
1349 1764 1402 1827 non
1412 1748 1493 1804 eorde
1502 1748 1605 1819 lapideo
1620 1748 1757 1818 intelligis,

968 1839 1030 1909 qnid
1054 1839 1120 1895 duro
1143 1840 1181 1894 illi
1201 1840 1298 1912 populo
1320 1840 1501 1911 congruebat;
1521 1849 1548 1895 ct
1569 1841 1595 1895 in
1614 1854 1647 1895 οο
1668 1849 1758 1895 nmen

968 1929 1095 1998 agnoscis
1108 1938 1222 2000 petram,
1241 1930 1328 2001 ipsum
1346 1944 1472 1999 sponsum
1488 1930 1571 1993 tunm,
1585 1929 1658 1984 illum
1678 1944 1757 2000 quem

968 2018 1062 2074 Petrus
1079 2019 1205 2089 loquitur,
1219 2015 1330 2090 lapidem
1341 2021 1422 2074 nionrn
1436 2020 1467 2074 nb
1482 2020 1623 2075 irontirtiins
1636 2019 1759 2090 reprobe·

969 2118 1061 2174 turino
1079 2107 1133 2163 beo
1150 2117 1234 2164 entem
1247 2109 1353 2163 electum
1372 2119 1395 2163 et
1415 2108 1617 2177 honorificatum.
1630 2108 1682 2164 lllis
1694 2124 1761 2179 ergo

968 2206 1025 2253 crat
1037 2198 1104 2269 inpii
1118 2197 1274 2265 offensionis,
1291 2207 1313 2253 ct
1328 2208 1398 2269 petra
1412 2199 1526 2254 scandali
1537 2215 1547 2253 .·
1560 2199 1605 2253 tihi
1619 2207 1706 2253 autern
1719 2201 1760 2253 ie·

968 2289 1008 2360 pis
1025 2303 1097 2357 prtem
1114 2287 1306 2360 reprobaverunt
1320 2289 1483 2359 edificantes,
1497 2292 1579 2359 foetus
1593 2297 1629 2342 est
1640 2290 1667 2342 in
1682 2297 1759 2360 capnt

968 2378 1055 2449 arsynii
1069 2379 1077 2410 ¹
1093 2377 1104 2451 (
1118 2378 1128 2432 l
1141 2376 1213 2437 Pctr.
1230 2393 1258 2444 tt,
1272 2377 1323 2433 t-8
1337 2379 1357 2448 l.
1371 2377 1446 2446 Quod
1469 2386 1551 2433 tutum
1575 2377 1644 2434 idem
1664 2378 1760 2437 Petrus

968 2470 1104 2540 apostulus
1123 2469 1253 2541 explicat,
1276 2478 1304 2525 ct
1326 2478 1409 2525 tutum
1429 2484 1444 2522 a
1462 2468 1649 2538 Prophetis,›e
1662 2468 1765 2539 quibus

969 2560 1011 2615 isti
1034 2559 1152 2626 damnati
1168 2560 1325 2624 alienantur,
1342 2557 1495 2627 pradictum
1513 2571 1575 2615 esse
1593 2572 1756 2614 commemo·

969 2657 1019 2703 rat.
1041 2648 1111 2718 Lege
1133 2663 1198 2703 sane
1219 2648 1300 2703 etiam
1322 2647 1386 2703 illud
1406 2646 1587 2718 diptychium:
1604 2649 1767 2716 netimeas,

970 2739 1048 2809 plene
1061 2739 1157 2808 sponsi·
1167 2738 1203 2793 tni
1216 2745 1266 2792 est.
1278 2736 1344 2792 attis
1359 2736 1426 2806 lapis
1440 2736 1485 2792 ille
1498 2737 1653 2807 significavit
1664 2736 1758 2793 durant

970 2830 1160 2886 stoliditatem:
1176 2829 1221 2884 tihi
1243 2836 1331 2884 autem
1352 2827 1456 2883 drnrsm
1478 2828 1657 2883 stabilitatem.
1673 2828 1769 2898 bigite

972 2921 1017 2976 lici
1032 2921 1137 2990 scriptae
1152 2926 1214 2975 sunt
1227 2917 1322 2973 tabulae
1336 2916 1388 2972 illae
1403 2915 1500 2989 (Exod.
1512 2931 1585 2982 xxm,
1601 2916 1645 2986 ιιι)
1658 2917 1764 2987 :digito

971 3008 1017 3067 liei
1031 3025 1145 3081 sponsus
1160 3018 1221 3065 tuns
1232 3009 1311 3079 ejecit
1325 3008 1456 3064 daemonia
1472 3008 1545 3078 (hee.
1557 3024 1593 3076 ιι,
1604 3008 1669 3079 ibi:
1679 2996 1769 3081 digito

971 3099 1018 3155 bei
1033 3100 1137 3170 erpelle
1152 3108 1179 3153 tn
1193 3098 1326 3153 doctr-inas
1337 3090 1529 3153 daemoniorum
1543 3098 1758 3170 mendaciloqua·

970 3205 1028 3245 rum
1043 3188 1245 3244 caartcriautium
1258 3189 1269 3219 s
1283 3188 1471 3243 conscientiam
1489 3186 1516 3260 (l
1532 3186 1595 3241 Tim.
1610 3202 1645 3251 ιι,
1659 3189 1706 3256 ⁶2).
1720 3187 1767 3244 Es.

970 3280 1021 3334 hoc
1036 3278 1171 3350 diptychio
1192 3277 1298 3349 repellis
1317 3276 1477 3342 adulterum,
1491 3275 1536 3346 qui
1551 3291 1581 3332 se
1593 3277 1759 3332 Paracletum
1775 3279 1777 3282 ’

970 3371 1051 3440 dicit,
1070 3379 1099 3425 nt
1119 3378 1210 3425 sancto
1230 3368 1337 3424 nomine
1357 3376 1383 3424 te
1401 3367 1767 3440 seducat.'Qrainrynagcsimn

971 3461 1042 3518 enim
1054 3460 1097 3516 dic
1110 3467 1171 3531 post
1183 3457 1284 3514 Pascha
1301 3458 1370 3513 datae
1389 3465 1451 3512 stunt
1468 3458 1520 3513 illan
1538 3458 1633 3513 tabulae
1653 3457 1758 3530 (and.

971 3551 1025 3626 ιι)
1036 3569 1043 3618 ;
1055 3561 1082 3607 ιι
1095 3551 1311 3623 qninmvagesimn
1322 3549 1364 3606 dic
1379 3560 1439 3620 post
1453 3551 1603 3620 passionem
1616 3552 1707 3620 sponsi
1723 3553 1760 3606 tni

971 3660 1050 3716 quam
1063 3642 1162 3720 Pascha
1179 3642 1239 3697 illud
1254 3642 1447 3713 praefigurabat,
1459 3642 1536 3698 datus
1547 3652 1587 3698 est
1597 3642 1694 3712 digitus
1703 3643 1760 3710 lici,

972 3735 1087 3808 Spiritus
1106 3741 1215 3790 sanctas
1236 3733 1385 3804 pmmissus
1401 3733 1553 3788 Paracletus
1568 3733 1633 3802 (Act.
1647 3748 1675 3798 n,
1692 3733 1760 3805 t-t).

972 3827 1030 3883 Noli
1041 3840 1106 3897 ergo
1116 3823 1259 3880 formidare
1269 3823 1443 3895 diptychium,
1452 3839 1506 3894 quo
1517 3823 1563 3879 tibi
1576 3824 1674 3895 scripta
1687 3825 1761 3891 ulirn,

972 3933 1032 3990 quae
1046 3931 1116 3971 nnnc
1129 3929 1297 3986 agnosceres,
1311 3913 1502 3969 mittebantur:
1519 3921 1620 3968 tarvtnm
1635 3916 1687 3969 nidi
1701 3930 1763 3970 esso

971 4006 1103 4076 sublege,
1118 4004 1237 4061 ncillam
1253 4004 1348 4061 timore
1365 4019 1417 4058 ivon
1433 4004 1561 4073 impleas;
1576 4004 1622 4058 scd
1639 4003 1689 4059 snb
1701 4020 1763 4076 gra-

974 4097 1025 4163 tia,
1038 4105 1068 4151 nt
1089 4096 1124 4150 sit
1143 4094 1170 4150 in
1191 4103 1217 4149 te
1236 4092 1373 4164 plenitudo
1393 4093 1457 4163 legis
1478 4092 1603 4147 charitas.
1616 4091 1674 4146 Non
1689 4093 1761 4147 enim

973 4186 1044 4241 aliud
1064 4184 1227 4256 diptychium
1243 4181 1400 4237 recensebat
1414 4182 1504 4252 sponsi
1525 4181 1561 4235 tui
1575 4181 1686 4245 nrnicns,
1701 4195 1765 4236 cum

974 4277 1075 4335 diceret
1090 4294 1096 4329 :
1112 4273 1191 4339 Noni,
1207 4272 1268 4326 Non
1287 4271 1450 4339 adulterabis,
1467 4271 1527 4327 Non
1545 4272 1707 4326 honricidimn
1722 4273 1765 4344 fe·

974 4368 1034 4433 cies,
1049 4363 1109 4419 Non
1122 4363 1293 4433 corrcnpisces,
1308 4370 1332 4415 et
1350 4360 1373 4415 si
1392 4361 1459 4431 qnod
1471 4370 1507 4416 cst
1521 4360 1592 4415 alind
1604 4363 1763 4428 inundatum,

974 4458 1001 4511 in
1023 4456 1070 4509 iaec
1088 4467 1203 4508 securene
1220 4449 1411 4520 recapituletur,
1425 4449 1521 4521 Diliges
1535 4451 1678 4520 prosinmm
1693 4462 1765 4506 tuem

975 4557 1093 4616 lemnum
1108 4553 1131 4598 te
1145 4543 1240 4613 ipsum.
1256 4539 1361 4596 Dilectio
1374 4541 1483 4613 proximi
1495 4541 1589 4596 nauium
1603 4558 1654 4596 nen
1672 4558 1764 4614 opno-

975 4647 1025 4692 tur.
1043 4634 1178 4690 Piertitudo
1196 4641 1279 4688 nutem
1297 4633 1358 4706 legis
1377 4642 1413 4689 est
1432 4633 1543 4689 eitnritus
1568 4633 1665 4707 (floria.
1679 4637 1766 4703 xuni)
1788 4666 1792 4677 ν

975 4738 999 4784 et
1013 4727 1047 4783 ld
1057 4725 1078 4803 ).
1099 4723 1136 4781 lbi
1159 4724 1230 4780 enim
1245 4733 1308 4778 sunt
1319 4722 1372 4779 deo
1387 4724 1433 4779 iila
1446 4733 1596 4796 praccepta,
1615 4725 1766 4782 dilectionis

977 4819 1035 4886 liei,
1048 4828 1075 4874 et
1089 4816 1239 4873 dilectionis
1254 4814 1377 4886 proximi,
1392 4816 1504 4887 singulis
1517 4816 1612 4874 tabulis
1623 4818 1765 4889 explicata.

977 4910 1034 4974 lloc
1047 4923 1110 4978 ergo
1124 4904 1287 4977 diptychium
1309 4905 1354 4962 ille
1369 4907 1506 4974 praemisit,
1522 4909 1567 4977 qni
1582 4908 1627 4963 tihi
1643 4907 1701 4965 haec
1714 4909 1760 4965 dna

977 5008 1108 5075 precepta
1129 4999 1239 5053 venicus
1257 4997 1462 5066 commendavit,
1481 4999 1621 5071 in'qnibns
1641 5010 1695 5057 tota
1712 5001 1765 5056 Lex

978 5092 1075 5164 pendet
1095 5097 1123 5146 οι
1142 5089 1283 5160 Prophetae
1301 5087 1490 5161 (lietduini,
1509 5090 1616 5164 anto).
1631 5091 1659 5147 ln
1681 5093 1770 5162 primi·

979 5191 1111 5253 praecepto
1129 5187 1170 5236 est
1188 5179 1295 5235 castitas
1314 5180 1465 5249 nuptiarum
1481 5188 1596 5249 tuamm,
1610 5182 1636 5236 in
1649 5182 1768 5240 secondo

979 5272 1066 5327 unitas
1076 5270 1255 5326 merrrhrurum
1269 5277 1374 5325 tuorum
1388 5288 1395 5325 :
1409 5269 1456 5326 ilio
1465 5271 1634 5341 amplecteris
1644 5272 1752 5328 divinita

981 5369 1043 5428 tem,
1059 5362 1109 5416 isto
1128 5373 1273 5431 congregas
1291 5360 1455 5415 societatem.
1469 5358 1533 5427 Qun
1551 5361 1605 5418 dno
1624 5372 1765 5434 praeopta,

980 5451 1037 5522 ipsa
1050 5459 1113 5505 sunt
1125 5449 1218 5505 decem
1231 5466 1238 5503 τ
1252 5449 1301 5504 tria
1316 5449 1449 5518 pertinent
1461 5450 1496 5506 ad
1509 5451 1609 5521 lienem
1624 5461 1651 5506 ct
1663 5458 1766 5521 septem

1012 5562 1020 5593 ¹
1038 5558 1136 5620 ttss.,t'u
1147 5558 1225 5623 mane
1235 5558 1325 5624 migttii

1011 5623 1021 5653 ¹
1037 5628 1103 5681 ton,
1116 5619 1272 5672 cainaeorum
1282 5619 1425 5690 bethsittim.
1439 5628 1466 5676 at
1484 5621 1542 5673 editi
1558 5621 1596 5672 alii
1619 5628 1645 5672 et
1658 5628 1709 5673 ltu.
1722 5618 1770 5677 ltu

981 5680 1034 5734 loou
1044 5681 1144 5734 naboan.
1155 5683 1346 5736 οοιιοιιωιιιιιιι.
