3938 6360
204 376 209 388 ι
236 409 346 468 deretur
357 424 365 461 a
376 403 545 478 quarumlibet
559 402 586 456 in
596 415 629 456 eo
643 399 790 470 particulae,
806 403 833 450 et
847 389 1027 449 innumerabi-

235 501 273 558 llr
296 498 379 556 frusta
401 497 451 554 alia
472 495 590 566 rnnjora,
617 493 669 549 elia
692 493 794 547 minora
815 504 864 560 pro
885 485 1027 558 cogitantis

236 591 348 648 arbitrio
359 589 531 652 metirentur;
547 594 576 640 ut
590 583 720 655 bipedalis
734 582 760 638 in
776 595 823 647 eu,
839 579 913 635 uerbi
923 578 1025 648 gratia,

235 697 299 754 pars
312 688 373 738 octo
386 678 504 750 partibus
526 677 615 731 uriuor
627 682 700 732 esset
717 688 796 745 quum
819 668 1025 740 decempedalis.

237 773 264 830 ld
280 774 351 830 euim
364 786 473 828 necesse
487 778 529 826 est
543 769 680 837 contingat
694 767 819 823 omnibus
832 763 953 827 naturis,
967 777 1026 832 qrrae

235 879 286 938 per
295 864 356 919 talia
369 863 454 935 spatia
466 861 570 918 didusae
581 860 679 930 ubique
689 867 751 915 totae
761 872 822 915 esse
832 872 884 913 nou
899 863 1025 926 possunt:

236 957 307 1030 quod
320 958 351 1013 io
362 957 418 1028 ipsa
431 956 520 1012 anima
536 970 590 1010 non
603 955 747 1019 inuenitur,
762 962 791 1008 et
803 951 836 1005 ab
853 950 892 1004 eis
906 948 949 1019 qni
963 963 1028 1002 corr·

232 1048 355 1106 'siderare
366 1047 425 1104 itaec
439 1063 493 1103 non
507 1046 605 1110 ualent,
620 1042 778 1100 deformiter
791 1042 824 1098 de
837 1041 880 1097 illa
895 1049 921 1095 ct
942 1039 1026 1108 turpi·

236 1150 278 1197 ter
291 1140 421 1196 creditur.
656 1180 660 1186 .

272 1231 384 1288 CAPUT
403 1228 462 1286 XX.
473 1229 562 1283 -22
578 1227 778 1282 deliramentum
799 1224 831 1280 de
850 1224 947 1295 duplici
961 1231 1028 1277 terre

237 1323 369 1394 refellitur.
386 1321 575 1378 Verumtamen
585 1334 645 1375 cum
654 1314 1029 1374 cornalilrusanimisiortasse

235 1414 292 1472 'noo
308 1416 347 1472 sie
360 1415 493 1486 agendum
509 1423 570 1478 est,
586 1413 633 1470 sed
652 1411 868 1479 descendendum
884 1417 925 1465 est
940 1408 1029 1480 potius

239 1509 273 1565 od
286 1523 379 1564 eorum
397 1507 592 1578 cogitationes,
605 1505 649 1575 qui
670 1512 790 1558 naturam
805 1502 989 1571 incorpoream
1003 1508 1030 1553 ct

239 1600 405 1670 spiritualem
418 1598 560 1669 cogitando
572 1597 659 1668 potius
669 1595 744 1666 sequi
756 1596 776 1661 ¹,
790 1594 832 1650 rel
845 1608 897 1648 non
910 1592 1007 1648 audent
1020 1630 1028 1658 ,

239 1689 282 1745 rel
301 1687 419 1744 nondum
434 1688 544 1753 raleut;
565 1688 600 1742 ita
620 1696 649 1742 ut
669 1701 719 1742 uec
738 1686 822 1755 ipsam
843 1684 1029 1754 cogitationem

239 1795 316 1836 soom
337 1780 430 1836 eadem
453 1780 614 1850 cogitatione
634 1778 822 1842 considerent,
845 1784 872 1831 et
895 1775 1030 1829 iureuiarrt

240 1887 299 1928 eam
313 1870 386 1926 nullo
408 1871 528 1926 locorum
550 1870 639 1941 spatio
661 1868 695 1924 de
718 1868 782 1938 ipsis
803 1867 922 1922 locorum
938 1865 1030 1936 spatiis

232 1960 402 2034 'iudicantem
413 1965 434 2016 ¹.
447 1961 644 2017 descendamus
658 1976 722 2032 ergo
733 1960 766 2014 ad
778 1974 871 2015 eorum
885 1973 989 2024 sensus,
1004 1967 1032 2013 ct

240 2067 394 2125 quaeramur
411 2052 513 2117 abeis,
531 2053 607 2120 luctu
625 2066 704 2122 quam
717 2060 814 2121 purtem
828 2059 852 2105 ct
868 2049 945 2119 iuxta
959 2048 1030 2119 quod

239 2146 317 2211 tetur,
333 2145 402 2201 sicut
412 2143 573 2216 Manichacus
585 2144 659 2211 dicit,
673 2143 870 2198 tttrurrtrttttre
888 2159 918 2196 ιι
936 2151 1031 2197 soracte

239 2246 314 2293 terre
329 2247 383 2293 erut
396 2236 555 2293 tenebrarunt
570 2246 646 2293 terre.
668 2236 736 2292 Dicit
757 2237 839 2301 enim,
857 2236 935 2306 jueta
955 2251 1031 2289 uuum

240 2336 337 2398 purtem
351 2344 381 2382 ec
391 2327 458 2382 latur
466 2342 478 2391 ,·
490 2342 541 2383 uec
554 2326 618 2383 dicit
630 2341 710 2398 quam
723 2336 836 2398 partem,
847 2326 890 2382 rel
905 2326 976 2398 qnod
991 2326 1030 2381 ln·

240 2425 284 2474 tus
295 2460 303 2481 ,
315 2417 439 2474 dextrum
461 2433 496 2472 an
517 2417 665 2473 sinistrum.
681 2418 741 2474 Sed*
757 2418 895 2488 quodlibet
912 2419 1029 2488 eligant,

240 2506 305 2562 lllud
319 2516 392 2563 certe
408 2508 577 2563 muniturum
590 2517 642 2574 ost,
657 2523 711 2563 uon
725 2508 778 2564 dici
791 2524 873 2564 unum
888 2509 968 2575 lotus,
981 2510 1031 2563 uisi

230 2592 286 2655 'ubl
300 2606 380 2655 estet
393 2600 507 2655 alterurn
520 2582 603 2654 latus.
616 2599 665 2655 Ubi
681 2608 769 2654 antem
785 2601 826 2654 rel
840 2599 889 2653 tria
903 2600 944 2653 rei
957 2602 1031 2671 plura

241 2701 304 2748 sunt
318 2693 417 2759 latera,
431 2698 477 2746 aut
490 2691 582 2761 ligurre
598 2678 718 2747 ambitus
742 2691 898 2760 intelligitur
917 2693 1032 2760 umllqne

231 2770 416 2850 terminatus,
431 2791 478 2837 aut
488 2783 511 2838 si
525 2782 659 2852 exaliqua
679 2792 754 2853 parte
768 2783 796 2837 in
810 2783 969 2838 immensum
984 2798 1031 2852 pa·

241 2882 294 2941 tet,
317 2890 350 2930 ex
375 2875 408 2930 iis
432 2883 521 2929 tameo
537 2889 596 2944 qrroe
615 2874 698 2929 latera
713 2873 846 2936 dicontur,
863 2887 972 2929 necere
992 2884 1033 2929 est

241 2964 359 3022 liniatur.
375 2966 469 3022 [licant
483 2981 563 3035 ergo,
576 2981 610 3021 ex
624 2965 677 3020 alio
691 2966 793 3030 latere,
812 2965 854 3019 rel
872 2980 903 3020 ex
915 2960 981 3019 'aliis
997 2966 1033 3019 Ιι-

242 3057 363 3123 teribus,
387 3057 451 3128 qnid
472 3057 668 3128 adjungebatur
688 3063 766 3111 terrae
790 3056 875 3122 locis,
896 3057 918 3111 si
933 3072 965 3112 ex
981 3072 1033 3111 nno
1056 3095 1059 3099 ,

242 3147 326 3204 latere
348 3158 405 3203 erat
425 3163 491 3219 gens
512 3147 700 3205 terrebraruml
710 3146 767 3203 Non
783 3147 874 3203 dieunt
887 3167 894 3202 ε
908 3148 956 3202 sed
971 3162 1032 3202 curn

241 3247 401 3315 premuntur
412 3250 441 3295 ut
455 3240 554 3308 dicant,
568 3240 671 3296 iolluito
684 3239 779 3296 dieunt
797 3255 858 3297 esse
876 3240 928 3295 alia
950 3242 1032 3296 latera

225 3336 321 3389 'terrae
343 3332 413 3388 illius
435 3322 514 3404 quam
536 3332 603 3388 lucis
616 3339 730 3395 rorant,
745 3330 772 3386 id
787 3340 845 3398 est,
862 3347 910 3403 per
930 3330 1032 3387 inlinitur

242 3425 328 3495 spatia
342 3424 469 3494 distendi,
480 3434 508 3482 et
520 3425 595 3481 trullo
608 3425 661 3481 llrre
672 3424 803 3482 celtiberi.
816 3424 872 3480 Nec
882 3425 1034 3498 intelligunt

241 3516 296 3591 lam
311 3533 363 3572 uon
377 3533 438 3573 csse
460 3519 557 3584 latera,
575 3517 646 3589 quod
665 3517 803 3589 quibusvis
824 3517 906 3573 tardis
921 3519 1033 3589 ingeniis

242 3609 440 3681 apertissimum
454 3617 506 3665 est.
521 3609 597 3665 Tune
609 3613 680 3665 enim
692 3620 783 3666 essent
795 3612 888 3678 latera,
900 3613 923 3668 si
936 3613 1033 3669 ilrribus

243 3703 299 3759 suls
315 3703 532 3762 terminarentur.
550 3702 618 3769 Quid
638 3702 671 3757 ad
685 3718 745 3769 me,
766 3705 865 3774 inquit,
878 3705 899 3759 si
915 3721 968 3760 uon
981 3707 1035 3762 siut

243 3792 348 3849 laterai
359 3793 411 3849 Sed
425 3809 485 3848 eum
500 3793 614 3856 diceres,
627 3795 704 3865 justu
713 3810 790 3848 unum
804 3805 900 3866 portem
914 3812 945 3849 uc
955 3795 1031 3865 lotus,

243 3885 322 3940 aliam
336 3900 442 3956 quoque
456 3891 558 3954 partem
575 3885 632 3940 sire
645 3893 734 3955 partes
746 3924 754 3951 ,
768 3893 797 3939 et
809 3885 881 3940 alirrd
899 3887 966 3942 latus
978 3887 1034 3944 sire

244 3976 327 4034 latera
340 3976 455 4047 cogebas
471 3976 593 4046 intelligi.
608 3975 673 4030 Nam
695 3975 718 4030 si
739 3991 819 4030 rroonr
842 3985 942 4030 tautum
966 3977 1035 4033 latos

243 4076 311 4134 erat,
327 4075 428 4122 tantum
440 4067 514 4137 iuxta
531 4067 603 4121 latus
612 4065 664 4123 diei
677 4066 770 4123 debuit
782 4108 791 4135 ,
803 4083 857 4122 nou
866 4068 943 4140 justu
957 4084 1035 4123 uuurrr

243 4159 322 4214 tutus.
337 4158 413 4215 Sicut
425 4159 451 4213 in
464 4168 576 4230 corpore
591 4167 683 4214 nostro
697 4168 770 4216 recte
784 4158 898 4217 dicimus
914 4175 974 4216 esse
986 4161 1035 4216 ali·

229 4247 307 4322 'qnid
319 4251 392 4320 jrrrta
407 4267 487 4306 unum
502 4252 629 4320 oculum,
650 4251 712 4323 quia
727 4261 769 4308 est
780 4253 849 4309 alter
861 4252 974 4318 ocolus;
988 4261 1035 4309 aut

242 4342 318 4414 luxta
331 4356 413 4397 utram
426 4343 582 4410 mamillam,
597 4342 658 4414 quia
673 4351 715 4398 est
729 4342 822 4398 altera.
840 4341 868 4400 si
887 4350 977 4397 autem
991 4342 1034 4397 di-

244 4450 337 4491 camus
349 4436 423 4505 juxta
438 4451 521 4491 unum
536 4451 650 4504 nasum,
671 4444 716 4491 aut
728 4436 803 4504 iuxta
825 4423 906 4492 uriom
926 4419 1035 4490 uurlrili-

244 4540 317 4590 oum,
332 4541 393 4581 eum
406 4526 474 4580 alius
487 4541 541 4582 non
555 4527 603 4590 sit,
617 4541 632 4581 ι
644 4526 732 4583 doctis
744 4535 771 4582 et
785 4526 819 4582 ab
833 4524 947 4581 indoctis
959 4525 1034 4581 ride·

245 4617 344 4672 bimur.
355 4617 409 4672 Sed
421 4633 473 4673 noo
484 4627 511 4672 te
522 4619 611 4673 verbis
622 4633 713 4688 premo
724 4637 730 4674 :
743 4618 855 4676 tortasse
869 4609 939 4675 enim
953 4635 1034 4675 unum

244 4707 321 4779 quasi
335 4705 443 4762 troicum
457 4707 594 4777 appellare
610 4708 730 4763 uoluisti.

218 4765 235 4886 ι
281 4797 392 4855 corut
404 4797 476 4852 xxl.
488 4826 524 4838 -
536 4797 660 4852 Eunrdem
680 4807 773 4854 terrant
783 4801 863 4868 tucis,
876 4801 899 4857 ri
911 4810 984 4858 terroe
996 4811 1034 4858 te·

227 4889 377 4978 lncbrururn
388 4890 516 4961 juugitur,
528 4905 581 4943 erre
592 4904 749 4960 corporeum.
761 4876 861 4962 Fiquru
876 4901 951 4973 terroe
965 4902 1035 4948 teuc-

245 4979 347 5055 brorum
356 4981 521 5055 jrructoecurn
537 4989 604 5033 terro
621 4978 694 5034 tucia.
712 4979 780 5046 Quid
800 4998 865 5052 ergo
888 4994 945 5040 erat
961 4985 1034 5055 jurta

245 5069 309 5124 illud
325 5069 394 5125 latus
407 5079 502 5137 terrm,
517 5085 597 5139 quam
612 5069 741 5128 illustrem
754 5085 786 5124 ac
801 5080 919 5127 sanctam
937 5073 1035 5130 rocast

248 5158 335 5226 Terre,
360 5161 457 5232 inquis,
472 5163 638 5217 tenebrarum.
650 5161 728 5230 Quid,
748 5161 841 5219 deisto
857 5173 926 5220 terra
940 5167 1035 5225 saltem

245 5251 371 5308 concedis
392 5254 463 5324 quod
485 5269 613 5324 corporea
637 5255 715 5309 erat?
737 5253 852 5311 Necesse
874 5265 916 5312 est
937 5266 963 5313 ιι
984 5258 1036 5315 hoc

245 5342 349 5407 diecre;
373 5342 586 5414 qnandoquidem
608 5344 698 5400 omnin
721 5360 832 5416 corpora
855 5345 917 5402 lrrde
937 5353 1036 5406 asseris

245 5434 377 5506 originem
389 5434 498 5516 ducere.
511 5433 579 5504 Quid
594 5449 672 5506 ergo,
689 5451 794 5507 quaeso,
811 5439 933 5509 quamvis
945 5440 1012 5497 tardi
1026 5482 1033 5506 ,

277 5596 286 5629 ¹
302 5593 454 5669 uerlqeieosls
463 5600 536 5663 retus
550 5595 638 5652 codex,
650 5594 777 5669 ιοιιιιιιιιι
788 5597 907 5670 increpui.

226 5711 230 5717 ,
277 5658 371 5713 *idue
390 5663 508 5707 rrucrururt
525 5669 579 5707 erun
597 5652 741 5720 loccrrurrsp
756 5661 791 5711 ltu
809 5660 840 5713 rte
857 5661 916 5719 turis
931 5662 1037 5717 locorrun

247 5726 328 5781 tuceta
334 5717 492 5782 jrrdicmrteur.
506 5717 664 5769 urrrendantur
675 5731 707 5771 cx
718 5723 857 5774 curbererrsi
867 5724 957 5777 culice.

658 285 793 342 cuntur
814 276 1003 339 urtsrotntt
1022 275 1208 348 ttnutcttut,
1227 282 1258 340 s.
1277 286 1461 346 uuuusrtut
1520 276 1524 285 ’

1076 5578 1079 5583 .
1121 5539 1285 5592 ittieuditia

1081 399 1201 470 quamvls
1215 400 1336 456 carnales
1348 400 1480 464 homines,
1495 416 1529 458 ne
1543 402 1594 458 hoc
1608 401 1714 474 quidem
1724 403 1871 476 aliquando

1080 492 1301 561 animadvertitis,
1313 495 1384 565 quod
1399 494 1525 550 lateribus
1538 495 1589 551 sibi
1600 495 1674 568 jungi
1690 505 1805 568 utraque
1819 496 1870 552 itta

1081 588 1153 637 terra
1174 598 1227 638 non
1250 585 1345 655 possit,
1366 586 1416 640 nisi
1439 594 1511 642 esset
1528 594 1639 657 utraque
1658 586 1872 658 corporealcur

1081 689 1144 744 ergo
1158 675 1235 732 nobis
1249 676 1389 733 dicebatur
1404 677 1495 734 nescio
1507 665 1578 749 ιιιίιι
1592 679 1713 735 caecitate
1722 680 1865 750 perversis,

1080 769 1250 824 terrclrrarum
1274 779 1375 825 tantum
1397 779 1495 825 terrum
1520 770 1602 826 luisse
1624 770 1666 827 vel
1688 786 1749 827 esse
1768 787 1869 844 corpo·

1079 875 1152 916 ream
1163 878 1170 924 ;
1181 861 1252 916 illam
1264 878 1329 918 reru
1338 878 1399 933 quae
1409 871 1479 918 terra
1488 863 1595 918 luminis
1604 862 1738 918 diceretur
1748 863 1871 934 incorpo-

1082 968 1156 1008 ream
1169 962 1196 1008 et
1208 953 1374 1024 spiritualem
1396 953 1468 1010 credi
1489 953 1633 1023 oportere?
1647 953 1871 1025 Expergiscamur

1064 1111 1066 1116 ¹
1080 1045 1222 1116 aliquando
1234 1045 1355 1101 immines
1370 1047 1443 1113 boni,
1456 1055 1484 1101 et
1497 1045 1592 1101 saltem
1607 1044 1735 1100 admoniti
1747 1045 1818 1114 quod
1830 1045 1870 1099 la·

1081 1136 1209 1192 cillimom
1230 1145 1272 1192 est
1290 1137 1477 1203 attendamus,
1497 1136 1563 1190 duas
1578 1143 1663 1190 terras
1678 1135 1727 1190 sibi
1743 1135 1869 1191 lateribus

1081 1241 1135 1280 non
1146 1241 1224 1295 posse
1237 1226 1371 1298 conjungi,
1386 1228 1435 1281 nisi
1451 1229 1581 1297 utraque·
1597 1226 1633 1281 sit
1643 1240 1750 1295 corpus.

1116 1319 1162 1376 25.
1179 1322 1231 1375 Αιιι
1249 1320 1271 1375 si
1286 1320 1319 1376 ad
1341 1321 1391 1375 ista
1411 1319 1491 1375 etiarn
1511 1319 1594 1376 crassi
1618 1328 1647 1375 et
1667 1319 1736 1374 turdi
1757 1334 1869 1385 sumus,

1081 1429 1172 1482 quaero
1193 1423 1281 1469 utrum
1301 1423 1329 1470 et
1348 1415 1404 1482 ipsa
1421 1423 1489 1469 terra
1504 1413 1673 1469 tenebrarum
1698 1430 1779 1469 rurum
1802 1414 1871 1471 letus

1081 1502 1214 1569 habuerit,
1230 1514 1256 1561 et
1271 1512 1367 1560 eutero
1380 1504 1575 1568 introiturum
1588 1513 1659 1559 terra
1675 1504 1752 1560 luris.
1765 1503 1823 1560 Non
1835 1506 1871 1560 ιιι

1082 1596 1211 1662 creduot;
1228 1597 1323 1651 timent
1343 1595 1414 1652 eninr
1436 1614 1469 1652 ne
1488 1596 1544 1651 beo
1557 1596 1679 1651 rideatur
1692 1597 1813 1667 aequalis.
1827 1597 1872 1652 bi·

1082 1696 1147 1742 coot
1159 1701 1223 1758 ergo
1234 1686 1305 1742 illam
1319 1703 1367 1757 per
1380 1685 1538 1757 proiundom
1552 1688 1709 1743 immensam
1721 1695 1748 1743 ιι
1759 1703 1806 1757 per
1815 1688 1873 1745 lou·

1082 1792 1144 1849 gum
1159 1796 1166 1831 z
1180 1793 1286 1834 sorsum
1296 1792 1389 1834 versus
1402 1787 1490 1834 autern
1503 1793 1582 1850 supra
1603 1779 1697 1834 illam⁸
1711 1780 1796 1850 spatia
1810 1780 1872 1836 ioll-

1084 1870 1138 1943 rritc
1153 1869 1289 1925 inanitatis
1302 1868 1446 1924 alllrmont.
1469 1869 1502 1926 Et
1525 1885 1559 1926 ue
1583 1884 1639 1942 rpsa
1662 1869 1705 1926 rel
1728 1871 1872 1941 simplum,

1084 1971 1153 2018 terra
1167 1971 1257 2019 ιιιιιιι
1272 1963 1381 2037 luminis
1394 1963 1504 2034 doplrrn
1527 1970 1620 2019 tenere
1641 1963 1775 2032 rideatur,
1789 1959 1874 2032 augo·

1083 2064 1154 2110 stant
1165 2071 1223 2111 earn
1235 2070 1250 2110 ι
1261 2055 1365 2112 duobus
1377 2056 1456 2110 ctiam
1469 2055 1610 2111 lateribus.
1621 2055 1758 2124 Tanquam
1769 2057 1792 2112 si
1805 2072 1874 2113 unus

1083 2147 1160 2218 panis
1172 2145 1223 2216 (sic
1233 2147 1305 2202 euim
1319 2145 1389 2218 quod
1401 2145 1499 2204 dicitur
1515 2147 1619 2204 lucilius
1634 2147 1722 2204 rlderi
1732 2147 1833 2219 potest)
1846 2148 1873 2205 lu

1083 2239 1198 2307 quadros
1210 2248 1325 2309 quatuor
1338 2237 1497 2295 decussatim
1509 2238 1646 2306 lornretor,
1662 2238 1689 2294 in
1704 2238 1801 2311 qrriblrs
1820 2240 1875 2296 tres

1083 2328 1137 2382 siut
1151 2328 1291 2396 candidae,
1312 2345 1365 2384 nna
1385 2331 1478 2401 nigra:
1493 2329 1574 2385 modo
1590 2329 1731 2388 deutribus
1753 2330 1874 2388 madidis

1085 2418 1147 2473 tolle
1159 2418 1377 2488 distinctionem,
1393 2428 1421 2476 et
1435 2419 1477 2477 tae
1492 2420 1552 2476 illas
1571 2428 1599 2478 et
1618 2436 1726 2488 snrsrrm
1739 2436 1834 2478 uersus
1847 2432 1875 2479 ct

1084 2509 1210 2564 deorsum
1222 2525 1326 2577 uersus,
1338 2521 1365 2566 et
1375 2510 1494 2582 undique
1505 2519 1579 2568 retro
1593 2511 1709 2568 iutinltas
1723 2514 1780 2569 :sie
1792 2514 1825 2568 ιιι
1836 2514 1875 2569 eis

1083 2614 1144 2656 esse
1157 2600 1275 2655 creditur
1288 2609 1357 2656 terra
1369 2601 1453 2673 lucis.
1462 2600 1536 2657 illam
1549 2617 1613 2658 uero
1626 2603 1729 2674 ιιιιιιιι
1743 2603 1874 2675 quadram

1085 2691 1127 2746 iac
1138 2691 1264 2748 deorsum
1275 2709 1369 2749 uersus
1381 2704 1408 2749 et
1419 2702 1492 2750 retro
1502 2694 1643 2763 inlinitum,
1654 2710 1735 2767 supra
1743 2710 1774 2752 se
1785 2705 1874 2752 auteur

1085 2782 1243 2839 immensam
1256 2783 1411 2841 inanitatem
1427 2785 1544 2841 trabere:
1559 2786 1598 2842 sic
1616 2787 1760 2857 opinantur
1773 2797 1872 2843 terram

1086 2873 1258 2930 tenebrarum
1270 2873 1291 2930 ⁸.
1306 2874 1359 2931 Sed
1374 2875 1432 2931 baec
1448 2877 1527 2933 nimis
1538 2873 1647 2933 attentis
1662 2886 1690 2934 et
1702 2878 1821 2934 studioso
1833 2877 1873 2934 irr·
1905 2929 1909 2939 .

1071 3010 1074 3017 .
1085 2965 1250 3036 qrrirentibus
1260 2965 1336 3037 quasi
1346 2976 1447 3022 secreta
1457 2967 1654 3023 demonstrant.

1120 3058 1233 3115 CAPUT
1246 3058 1327 3115 xxtt.
1339 3089 1377 3102 -
1385 3059 1483 3132 Figere
1496 3070 1570 3117 terroe
1579 3061 1642 3118 lucit
1651 3061 1752 3137 soedior.
1765 3062 1876 3120 Verum·

1087 3159 1175 3206 tamen
1190 3153 1212 3207 si
1224 3152 1262 3226 ita
1276 3160 1333 3218 cst,
1348 3161 1458 3222 apparet
1472 3161 1569 3209 terram
1591 3155 1764 3210 tenebrarum
1777 3170 1792 3208 a
1806 3165 1875 3211 terra

1086 3241 1154 3297 lueis
1164 3240 1269 3297 duobus
1278 3243 1409 3299 lateribus
1421 3244 1505 3315 tangi.
1517 3244 1551 3299 Et
1565 3244 1657 3316 utiquc
1667 3245 1690 3300 si
1702 3245 1806 3301 dnobus
1819 3255 1878 3301 tarr·

1086 3335 1167 3406 gitur,
1187 3333 1291 3391 duobus
1312 3316 1507 3409 etiom‘tengit.
1527 3336 1609 3396 certe
1628 3339 1702 3410 luctu
1719 3356 1798 3396 unum
1812 3339 1877 3396 lotrrr

1086 3437 1140 3482 erut
1150 3437 1216 3481 terre
1230 3427 1399 3482 tenebrentur.

1121 3520 1166 3576 ιι.
1183 3520 1281 3575 Deinde
1294 3536 1373 3592 qnam
1388 3519 1457 3577 sceda
1469 3521 1551 3594 ligura
1562 3531 1641 3581 terrm
1655 3523 1667 3558 ¹
1679 3525 1745 3582 lucis
1757 3537 1875 3596 apparet.

1087 3621 1211 3682 tanquam
1235 3612 1297 3667 lissa
1317 3612 1416 3682 ungula
1440 3612 1517 3683 nigro
1536 3615 1651 3686 quodem
1677 3631 1764 3672 correo
1787 3618 1878 3674 subter

1086 3710 1207 3769 arctato,
1224 3702 1286 3758 illae
1300 3711 1402 3758 tautum
1419 3702 1492 3759 linita
1506 3721 1558 3776 qua
1573 3706 1693 3772 (luditur,
1708 3707 1784 3764 lrians
1797 3699 1878 3763 ctiam

1086 3798 1113 3848 et
1126 3801 1220 3861 pateus
1232 3791 1348 3862 desuper
1358 3792 1516 3863 interposito
1530 3794 1603 3852 inani
1614 3794 1742 3867 quidquid
1756 3812 1772 3851 ι
1785 3811 1880 3869 super·

1087 3879 1147 3935 licie
1162 3889 1239 3936 terrm
1250 3882 1420 3937 tenebramm
1432 3898 1539 3939 sursum
1553 3898 1646 3940 uersus
1655 3883 1816 3940 immensum
1825 3897 1880 3962 est.

1089 3972 1175 4042 Quam
1190 3973 1288 4046 delude
1301 3974 1396 4030 melior
1411 3974 1495 4045 ipsius
1509 3983 1586 4031 terres
1604 3974 1773 4030 tenebrarum
1795 3975 1880 4046 ligura

1087 4064 1236 4120 osterulrtnr
1248 4062 1255 4119 ἑ
1271 4065 1403 4136 siquidem
1413 4066 1457 4122 tlta
1469 4064 1553 4133 totu,
1568 4064 1627 4120 luco
1638 4063 1764 4129 doditur;
1775 4064 1820 4121 iila
1835 4066 1877 4121 lu-

1087 4156 1197 4224 scritur,
1212 4156 1271 4212 lracc
1288 4157 1449 4227 interpotct;
1463 4154 1547 4212 illain
1565 4170 1597 4212 se
1614 4154 1679 4210 nulli
1694 4154 1818 4211 iuurritati
1831 4155 1877 4212 dat

1088 4246 1188 4315 lucum,
1204 4247 1262 4303 lrrec
1274 4247 1309 4304 ab
1321 4246 1448 4304 interiore
1465 4255 1566 4303 tantum
1581 4254 1658 4320 parte
1674 4245 1734 4302 laxa
1750 4257 1877 4316 nonest,

1087 4355 1138 4410 qua
1152 4338 1241 4397 lrt'rstili
1260 4355 1348 4397 cuneo
1359 4340 1546 4412 subimpletur.
1560 4340 1662 4399 indocti
1680 4356 1744 4413 ergo
1758 4340 1880 4398 lromines

1088 4440 1115 4487 ιι
1127 4432 1200 4486 arari
1214 4447 1276 4487 enm
1288 4432 1421 4501 majorem
1436 4430 1566 4488 honorem
1579 4432 1700 4489 tribuunt
1717 4432 1878 4488 multitudirrl
1912 4461 1915 4465 .

1088 4522 1202 4593 partium
1215 4537 1295 4594 quam
1310 4522 1417 4592 unitati,
1434 4531 1462 4578 ut
1475 4536 1521 4579 sex
1536 4533 1627 4595 parter
1638 4523 1824 4582 darentteuue
1839 4524 1880 4579 ltr-

1087 4616 1136 4679 cit.
1153 4624 1207 4672 tres
1221 4616 1464 4688 deorsumrersus,
1476 4624 1648 4673 tressortem
1662 4617 1879 4684 versuumaluc-

1087 4717 1151 4766 runt
1176 4709 1308 4779 penetrari
1333 4718 1430 4763 terrum
1455 4707 1522 4764 lucis
1537 4722 1616 4779 quam
1642 4717 1795 4778 penetrate.
1822 4707 1880 4763 'iuli

1070 4969 1072 4973 ,
1121 4927 1131 4960 ¹
1147 4930 1183 4975 ει.
1197 4932 1223 4977 et
1233 4932 1300 4986 tou,
1312 4923 1356 4974 dic.
1366 4922 1435 4976 bruur
1445 4938 1461 4974 u
1471 4923 1617 4991 nescioquo,
1630 4932 1677 4976 etc.
1699 4924 1883 4989 memorien,

1087 4998 1137 5038 non
1147 4995 1187 5037 est
1195 4988 1258 5051 opud
1271 4995 1320 5036 eru.
1334 5000 1416 5050 neque
1425 4989 1452 5037 in
1464 4995 1516 5036 use

1113 5051 1131 5082 ἱ
1147 5056 1211 5108 uss..
1223 5055 1358 5121 utrumque.

1120 5111 1131 5143 ¹
1146 5111 1205 5161 editi
1217 5108 1288 5173 vulgo
1299 5122 1343 5165 stc.
1354 5120 1398 5173 per
1407 5107 1556 5177 protrrudurrr
1566 5110 1706 5160 bantrensem
1717 5120 1727 5160 .·
1737 5114 1762 5161 et
1771 5121 1815 5167 per
1831 5109 1884 5158 lor·

1088 5182 1145 5237 pron
1154 5183 1250 5223 currum
1259 5183 1341 5222 ucraru
1349 5174 1390 5221 ιιι
1400 5183 1475 5234 urpru
1485 5169 1562 5229 illmu,
1575 5177 1622 5221 etc.
1634 5171 1768 5233 tastlgarrdl
1781 5184 1812 5220 ιιι
1829 5178 1882 5220 uss.

1088 5233 1130 5296 qui
1143 5246 1195 5296 pro,
1207 5239 1257 5295 cut,
1278 5232 1379 5291 habunt,
1394 5238 1491 5289 orrtcutr
1507 5240 1534 5282 et
1555 5232 1601 5281 boe
1616 5238 1685 5295 pactu
1704 5232 1779 5282 rurba
1798 5232 1882 5281 distin-

1088 5301 1175 5359 guunt,
1187 5308 1231 5360 per
1249 5291 1394 5360 prolurrdrrru
1413 5290 1554 5344 irrtrrreruurrr
1565 5298 1587 5343 cl
1608 5289 1758 5357 perlongum
1772 5306 1883 5343 :sursum

1089 5369 1170 5408 uersus
1182 5363 1261 5409 ιιιιιιιι
1270 5367 1345 5421 supro
1354 5353 1431 5414 iituur,
1444 5362 1492 5405 ιιι.
1509 5363 1565 5404 narr
1581 5356 1642 5405 irrl'ra
1654 5362 1806 5418 contr-aratur
1818 5362 1884 5405 terra

1088 5418 1134 5468 ista
1145 5417 1243 5478 qosdrae
1258 5419 1335 5480 oigrae
1353 5415 1465 5467 deorurm
1480 5428 1571 5474 tersus,
1588 5416 1652 5478 (ruod
1664 5423 1702 5467 cst
1720 5429 1766 5480 per
1784 5415 1883 5479 prolrru·

1087 5478 1155 5539 ιιιιιιι,
1166 5486 1190 5530 et
1201 5486 1275 5539 retro,
1286 5477 1350 5590 quod
1362 5483 1401 5528 est
1413 5477 1574 5540 perlongum,
1587 5474 1696 5540 trrttrrtee.

1105 5603 1121 5651 h
1302 5541 1370 5599 dunt,
1388 5535 1424 5590 sic
1435 5536 1511 5590 obeb
1523 5552 1573 5590 crac
1584 5537 1709 5601 crulitrrr,·
1721 5539 1785 5604 quod
1804 5547 1892 5600 ausu

1090 5609 1174 5776 ²13⁵ss
1194 5663 1266 5717 editis
1283 5663 1372 5715 onrissa
1389 5670 1441 5713 erut
1460 5674 1515 5726 ros,
1536 5668 1626 5723 terru;
1643 5676 1697 5727 qun
1710 5664 1798 5713 iuttsr.
1812 5673 1886 5722 rerer

1091 5739 1111 5776 n
1123 5740 1160 5777 nr.
1215 5749 1219 5759 ·
