3938 6360
77 256 129 314 ddi
722 255 823 313 ttoott
842 249 1067 314 DUODEOEHUS.
1661 264 1712 322 il‘ld

76 373 110 429 ad
126 386 223 443 corpus
235 371 305 427 acies
316 369 464 427 oculorum.
480 368 622 440 Propterea
638 367 704 425 duas
717 369 743 424 in
756 368 807 425 lioc
821 385 867 441 ge·
920 368 1078 423 inirritatem
1103 379 1212 438 quoque
1238 369 1341 425 numeri
1369 371 1438 426 ratio
1461 373 1605 442 renuntiet,
1631 391 1711 446 quam

78 480 141 520 nere
155 464 287 520 trinitates
301 463 371 517 vidui
392 460 598 517 commendare:
612 475 703 524 urrant,
718 475 779 515 cnm
801 461 868 516 visio
920 459 991 514 trulla
1004 458 1070 514 visio
1089 460 1238 529 corporalia
1251 461 1392 532 cogitantis
1409 463 1594 535 apprehendit.
1611 465 1712 523 Eadem

77 553 217 609 sentientis
231 553 360 608 lorrnatnr
375 567 408 607 ex
420 565 549 621 corporc;
563 550 651 615 aliam,
667 565 726 606 cunr
742 551 809 606 visio
822 565 867 606 co·
919 548 988 603 ratio
1000 547 1078 603 docet
1092 548 1268 604 nrinutissinra
1286 550 1366 606 etiam
1380 553 1539 622 corpuscula
1554 555 1659 613 inlinite
1672 557 1712 613 di·

75 643 185 714 gitantis
201 634 329 697 iormatnr
352 658 385 697 ιι
401 642 539 697 memoria.
562 641 674 696 Mediam
700 657 762 697 vero
783 642 866 712 nolui,

75 736 136 804 «prtia
150 734 185 789 ilii
200 751 251 789 ιιι
267 735 337 790 solet
350 735 417 788 visio
428 734 489 799 diei,
501 748 561 788 cunr
576 734 712 788 nicanoriae
726 749 865 789 commen·

75 825 153 880 datur
167 827 262 886 lornra.
278 842 336 896 qum
358 826 388 879 lit
408 826 433 879 iu
454 840 533 880 sensu
547 825 691 880 cernentis.
708 815 811 896 Ubique
826 833 867 879 ta·

76 933 137 971 men
151 918 273 972 voluntas
293 933 345 972 non
360 925 480 987 apparet,
501 915 551 970 nisi
568 914 716 985 copulatrix
731 916 805 985 qnasi
820 931 869 988 pa-

76 1007 159 1061 rentis
182 1016 209 1062 et
222 1006 314 1077 prolis.
331 1007 364 1061 Et
378 1007 437 1061 idco
459 1004 644 1076 undecumque
658 1005 795 1074 procedat,
819 1019 868 1061 nec

77 1114 175 1169 parens
188 1116 237 1155 nec
252 1099 341 1170 proles
355 1100 405 1154 diei
418 1108 514 1169 potest.

111 1188 224 1247 catut
238 1191 272 1245 X.
281 1220 316 1230 -
331 1191 374 1246 li.
396 1189 481 1245 Etiam
496 1206 547 1245 nort
561 1190 621 1244 visit
634 1190 706 1243 ocidit
719 1190 867 1260 imaginatio

15 1303 18 1307 ⁴
76 1296 133 1348 pirre
145 1280 172 1334 iu
187 1281 245 1334 nliir
259 1281 376 1334 oiriimor.
393 1283 426 1335 dt
441 1280 511 1335 enim
529 1280 551 1334 si
566 1294 617 1334 nori
632 1280 802 1334 memmimus
816 1279 866 1335 nisi

76 1371 146 1439 quod
165 1372 307 1436 sensimus,
323 1387 408 1442 nequo
423 1372 570 1442 cogitamus
586 1372 635 1426 nisi
653 1371 724 1441 quod
745 1371 869 1425 memini-

77 1477 153 1526 mns;
177 1477 226 1529 cur
243 1464 399 1534 pierumque
417 1464 483 1518 salsa
503 1465 660 1533 cogitamus,
685 1478 746 1518 cum
762 1478 793 1517 ea
808 1478 867 1532 qum

76 1553 210 1609 sensimus
231 1570 284 1608 non
303 1556 395 1624 utique
415 1554 482 1608 lalso
505 1554 724 1609 meminerimus:
739 1552 865 1624 nisiquia

75 1644 197 1698 volrrutas
221 1644 366 1715 illaquam
392 1644 600 1714 conjunctricem
622 1658 653 1698 ac
677 1644 865 1713 separatricem

76 1735 258 1807 lirrjrrscemodi
271 1752 363 1814 rernm
376 1736 431 1807 jam
447 1745 574 1806 quantum
596 1736 670 1806 potui
682 1735 867 1792 demonstrare

75 1829 176 1893 curavi,
191 1828 355 1883 lorrnandam
377 1829 518 1899 cogitantis
539 1827 624 1882 aciem
645 1840 692 1897 per
710 1825 865 1882 abscondita

75 1921 211 1975 memoriae
220 1918 294 1974 ducit
306 1927 335 1974 ut
350 1918 452 1973 libitum
468 1927 519 1985 est,
530 1917 600 1972 etad
612 1917 750 1989 cogitanda
763 1932 794 1973 ea
807 1933 867 1987 quae

76 2027 128 2066 non
144 2011 323 2074 meminimus,
339 2026 371 2065 er
385 2010 425 2066 eis
440 2026 499 2077 qum
512 2008 692 2076 meminimus,
707 2007 778 2062 aliud
793 2007 865 2076 liirie,

74 2101 144 2155 aliinl
160 2100 230 2165 inde.
247 2109 275 2154 ut
287 2111 374 2155 sumat
390 2099 516 2168 impellit;
531 2113 589 2169 quae
605 2099 630 2151 in
646 2112 723 2152 natam
737 2098 866 2152 visionem

74 2191 197 2245 enenntia
220 2189 319 2246 iaciunt
340 2189 440 2259 aliquid
460 2189 530 2260 qnod
551 2190 610 2244 ideo
632 2188 728 2243 laisum
751 2188 865 2257 dicatur,

74 2280 135 2348 quia
150 2279 191 2334 ιιι
207 2296 259 2334 ιιι
275 2289 317 2336 ιιι
330 2278 395 2335 ioris
410 2280 435 2333 in
450 2295 539 2335 rorum
555 2293 746 2348 corporearum
761 2290 864 2346 natura,

79 2369 190 2425 acinon
211 2371 247 2426 dc
265 2372 394 2427 memoria
419 2372 523 2426 videtur
542 2385 710 2439 expressum,
731 2385 792 2424 cuni
815 2371 867 2427 tale

75 2460 142 2517 oilril
160 2477 208 2518 uos
222 2463 341 2518 sensisse
362 2462 554 2517 meminimusl
568 2461 635 2529 Quis
651 2462 723 2516 enirn
739 2461 802 2516 vidit
821 2478 867 2533 cy·

73 2569 154 2609 enum
165 2557 268 2625 nigrum
280 2553 292 2608 i
303 2563 329 2609 et
343 2561 483 2624 propterea
500 2542 581 2607 nemo
595 2552 734 2607 meminit:
748 2553 867 2623 cogitare

75 2652 164 2717 tanren
179 2645 238 2714 quis
260 2660 313 2698 uon
328 2645 432 2714 potest?
447 2642 537 2699 Facile
557 2650 599 2698 est
615 2643 686 2697 enim
709 2642 780 2696 illam
802 2644 868 2712 ligu-

74 2749 238 2805 tamquam
260 2734 375 2791 videndo
396 2734 581 2805 cognovimus,
602 2734 678 2804 nigro
701 2734 790 2788 colore
806 2749 868 2803 per·

76 2827 197 2895 tundere,
218 2843 298 2899 quern
319 2827 493 2883 nibilominus
507 2826 533 2881 in
553 2826 613 2881 aliis
631 2827 789 2894 corporibus
802 2825 868 2879 virli·

75 2934 135 2974 mus
148 2937 154 2974 :
167 2928 194 2974 ct
206 2919 267 2989 quia
279 2927 419 2988 utrumque
429 2916 572 2981 sensimus,
585 2926 728 2985 utrumqne
742 2916 867 2970 rncnrini·

74 3024 143 3063 ntus.
155 3008 210 3064 Nec
221 3025 297 3065 avem
310 3007 509 3079 quadrupedem
521 3006 640 3072 memini,
656 3006 717 3076 quia
731 3020 783 3060 non
795 3005 864 3059 virli:

73 3098 120 3152 sed
139 3099 305 3168 phantasiam
327 3098 407 3152 talem
422 3097 548 3153 iacillime
569 3097 684 3162 intueor,
705 3094 767 3149 dum
788 3094 867 3149 alicui

73 3186 168 3243 lornne.
183 3189 283 3242 volatili
297 3189 402 3257 ιιιιιιι
417 3188 479 3250 vidi,
493 3186 610 3256 adjungo
621 3184 688 3239 alios
703 3183 770 3239 duos
784 3183 866 3253 pedes

72 3278 166 3348 quales
185 3277 275 3332 itidem
304 3277 357 3331 vidi
382 3277 514 3349 (lletrnct.
544 3273 589 3330 tto.
608 3275 635 3341 ι,
659 3290 717 3344 cop.
732 3275 776 3340 ι5,
789 3292 815 3327 ιι.
825 3262 873 3347 2).

72 3367 250 3437 Quapropter,
266 3366 327 3421 dum
342 3369 482 3435 corrinnctn
496 3367 654 3436 cogitamus,
670 3380 729 3436 que
744 3364 866 3433 singilla-

73 3455 126 3514 tim
140 3474 217 3513 sensa
235 3459 414 3526 merainimus,
431 3458 552 3514 vitiemur
564 3472 617 3531 non
637 3456 662 3512 id
682 3449 752 3527 qnod
771 3456 865 3512 memi-

73 3549 160 3605 nimus
174 3550 308 3621 cogitare;
322 3566 383 3606 cum
396 3551 422 3605 id
436 3564 546 3620 agamus
558 3549 715 3606 moderante
725 3547 864 3617 memoria,

74 3643 143 3698 unde
157 3644 287 3698 sumimus
301 3645 390 3698 onroia
406 3658 465 3713 quae
487 3640 669 3711 multipliciter
681 3655 713 3695 ac
732 3639 805 3695 varie
819 3654 867 3710 pro

72 3742 163 3788 nostra
176 3734 312 3789 voluntate
324 3733 519 3804 cornpnnimus.
536 3730 602 3786 Nam
617 3744 703 3801 neque
723 3729 794 3799 ipsas
807 3743 866 3783 nra·

71 3823 224 3895 guitudines
241 3837 394 3895 corporum,
416 3837 483 3894 quas
499 3836 635 3894 nunquam
658 3819 783 3888 vidimus,
808 3821 867 3875 sine

72 3931 124 3988 ope
136 3917 273 3986 memoriae
290 3917 449 3988 cogitamus.
465 3904 600 3985 Quantum
615 3915 687 3971 enim
703 3915 781 3984 spatii
796 3915 865 3971 solet

71 4022 204 4079 occuparo
216 4024 263 4079 per
276 4009 483 4080 magnitudinem
497 4008 588 4066 mundi
603 3992 695 4065 noster
706 4008 823 4072 obtutus,
840 4008 866 4062 in

73 4107 175 4156 ιιιιιιι
190 4100 358 4157 extendimus
373 4101 505 4172 quaslibet
521 4113 665 4172 corporum
689 4097 783 4161 moles,
803 4112 865 4150 cuna

72 4206 119 4246 eas
139 4192 268 4245 maximas
290 4192 448 4262 cogitamus.
473 4193 506 4247 Et
520 4191 588 4246 ratio
607 4188 715 4261 quidem
731 4187 814 4258 pergit
839 4186 866 4240 in

71 4280 210 4352 ampliora,
234 4280 281 4337 scd
296 4281 434 4352 phantasia
454 4297 507 4338 non
529 4281 660 4352 sequitur.
672 4279 776 4349 Quippe
801 4293 864 4334 eum

920 637 991 703 vidi;
1005 653 1065 693 cnut
1080 647 1167 694 venien
1182 639 1215 695 ad
1233 655 1279 695 eas
1292 639 1435 698 tenuitates
1454 643 1496 699 vel
1512 645 1637 701 nainntias
1650 663 1709 718 per·

921 738 1031 784 ventum
1051 729 1142 794 ltrcrit,
1157 746 1223 801 quas
1237 733 1307 795 visas
1322 736 1501 797 meminimus.
1516 739 1644 797 exiliores
1659 742 1709 795 mi·

920 818 1091 889 nutiorcsque
1110 819 1262 889 phantasias
1280 821 1336 892 jam
1358 839 1412 879 rron
1436 839 1577 896 possumus
1603 829 1708 894 intueri,

919 908 1044 975 quamvis
1065 909 1134 963 ratio
1151 925 1204 964 non
1221 909 1326 967 desinat
1341 916 1464 986 persequi
1481 931 1513 977 ac
1525 917 1657 974 dividere.
1673 919 1715 975 lta⁴

920 997 991 1051 nulla
1005 999 1167 1068 corporalia,
1183 1001 1233 1057 nisi
1247 1011 1292 1057 aut
1305 1019 1337 1058 ea
1351 1021 1410 1075 qua
1425 1007 1608 1078 meminimus,
1622 1020 1667 1065 aut
1678 1025 1712 1066 ex

919 1087 953 1144 iis
965 1104 1024 1160 ιιι
1040 1092 1221 1157 meminimus,
1236 1097 1393 1164 cogitamus.

954 1179 1066 1235 CAPUT
1081 1180 1126 1235 ltt.
1138 1213 1172 1223 -
1185 1183 1212 1238 8.
1225 1183 1368 1251 Nurrreros,
1385 1187 1493 1256 poardus,
1512 1205 1638 1246 maturo.
1656 1190 1737 1247 snt·

919 1269 980 1339 qnia
995 1286 1138 1328 numerose
1158 1275 1268 1344 cogitari
1285 1288 1467 1348 possuntque
1482 1280 1634 1351 singidatim
1647 1292 1710 1340 sunt

919 1361 1048 1430 impressa
1062 1365 1210 1433 memoriae,
1225 1367 1328 1422 videtur
1343 1367 1376 1422 ad
1397 1371 1553 1426 memoriam
1568 1387 1710 1442 mensura,

918 1453 952 1508 ad
965 1455 1093 1511 visionem
1110 1472 1172 1512 vero
1183 1474 1308 1514 numerus
1321 1461 1464 1528 pertinere.
1477 1461 1543 1529 Quia
1559 1463 1620 1520 lieet
1634 1466 1713 1520 imni·
1736 1477 1738 1481 ⁴

919 1547 1055 1605 mcrabilis
1075 1549 1110 1604 sit
1127 1552 1306 1622 multiplicitas
1320 1553 1411 1609 talium
1434 1557 1583 1624 visionum,
1599 1560 1712 1629 singulis

919 1639 1047 1693 tamenin
1069 1642 1197 1695 memoria
1213 1643 1382 1712 praescriptus
1402 1653 1443 1700 est
1464 1646 1712 1719 intransgressibilis

920 1729 1025 1785 modus.
1040 1730 1162 1787 llensura
1177 1733 1256 1804 igitur
1268 1735 1294 1789 in
1307 1737 1446 1806 meritoria,
1461 1738 1487 1793 in
1501 1739 1647 1796 visionibus
1661 1758 1712 1797 uu·

918 1833 1010 1874 merus
1029 1831 1140 1890 apparet
1152 1839 1158 1876 :
1170 1823 1240 1879 sicut
1260 1824 1285 1878 in
1310 1825 1374 1895 ipsis
1393 1828 1549 1898 corporibus
1562 1831 1711 1886 visibilibus

918 1926 1042 1967 mensura
1060 1913 1181 1983 quadam
1203 1925 1261 1981 ιιι,
1276 1917 1319 1971 cui
1343 1921 1560 1976 nomemtssooc
1574 1931 1713 1992 receptatur

918 2017 1013 2058 seusus
1028 2004 1174 2061 videntium
1187 2008 1206 2074 ¹,
1223 2017 1250 2063 ct
1264 2025 1296 2063 ex
1317 2025 1369 2066 unu
1381 2010 1476 2065 risibili
1494 2013 1636 2068 multorum
1651 2029 1712 2070 cer·

918 2095 1037 2148 ueritiam
1060 2094 1190 2151 lurniatur
1212 2108 1352 2167 aspectus:
1369 2100 1402 2154 ita
1419 2110 1447 2155 ut
1466 2103 1545 2156 etiarn
1562 2118 1712 2173 unus-pro·
1730 2119 1731 2122 ’

918 2183 1110 2259 ιιιιιιιιιιιι
1126 2187 1262 2241 oculorum
1286 2204 1425 2243 nnmerum
1449 2191 1606 2261 plerumque
1630 2208 1709 2248 unam

920 2289 977 2359 rem
1000 2276 1134 2346 geminata
1150 2278 1240 2348 speeie
1256 2277 1361 2342 videat,
1377 2280 1446 2334 sicut
1467 2296 1546 2352 snpra
1560 2281 1710 2337 docuimus.

918 2364 946 2420 ln
960 2365 1003 2420 liis
1012 2380 1076 2436 crgo
1087 2366 1166 2423 rcbns
1177 2366 1248 2422 unde
1259 2368 1576 2439 visionescvprirnuntur‚
1587 2374 1711 2442 quaedam

919 2472 1043 2512 mensura
1067 2467 1108 2514 est
1121 2476 1128 2512 z
1141 2459 1167 2513 in
1189 2459 1253 2529 ipsis
1275 2469 1364 2515 autem
1385 2462 1552 2529 visionibus,
1573 2479 1710 2521 vvernerus.

918 2549 1048 2605 Voluntas
1060 2564 1125 2605 vero
1139 2565 1198 2621 quae
1213 2551 1262 2605 ista
1282 2552 1417 2622 conjungit
1431 2561 1458 2607 et
1470 2552 1592 2616 ordinat,
1607 2563 1634 2610 et
1647 2570 1715 2625 qna·

918 2639 980 2695 dam
994 2641 1094 2695 unitate
1108 2641 1232 2711 copulat,
1246 2657 1295 2697 nec
1308 2643 1440 2698 sentiendi
1460 2655 1507 2699 aut
1518 2645 1649 2716 cogitandi
1664 2662 1714 2717 ap·

918 2735 1030 2805 petitum
1046 2734 1098 2789 nisi
1119 2734 1146 2790 in
1170 2735 1211 2790 liis
1230 2735 1310 2790 rebus
1324 2736 1393 2791 unde
1417 2737 1533 2793 visiones
1554 2737 1713 2805 formantur,

918 2825 1091 2895 acquiescens
1104 2825 1226 2893 collocat,
1242 2826 1351 2896 ponderi
1366 2828 1460 2883 similis
1474 2840 1524 2885 est.
1541 2828 1722 2900 eraproptcr

922 2917 980 2972 lrmc
994 2918 1054 2983 tria,
1068 2931 1231 2983 mensnram,
1246 2934 1396 2984 nnmerum,
1409 2919 1521 2989 pondus,
1535 2920 1614 2975 etiarn
1626 2923 1651 2975 in
1662 2935 1716 2976 cn-

922 3010 987 3065 teris
1008 3009 1132 3066 omnibus
1153 3010 1233 3065 rebus
1253 3010 1487 3067 animadvertenda
1510 3011 1712 3080 praelibaverim.

917 3099 995 3156 Nune
1018 3101 1123 3155 interim
1138 3100 1300 3155 voluntatem
1325 3103 1515 3171 copulatricem
1539 3103 1577 3157 rei
1599 3102 1714 3158 visibilis

918 3199 998 3261 atque
1010 3189 1120 3245 visionis
1134 3190 1209 3261 qnasi
1233 3191 1350 3259 pirensis
1372 3202 1398 3246 et
1414 3191 1510 3260 prolis,
1523 3191 1581 3247 sive
1602 3193 1629 3247 iu
1649 3207 1714 3248 seu·

918 3280 1026 3347 tiendo,
1042 3279 1099 3336 sivo
1112 3280 1140 3335 in
1154 3279 1312 3350 cogitando,
1329 3295 1378 3335 nec
1393 3291 1529 3349 parentem
1548 3297 1597 3338 nec
1610 3283 1712 3354 prolem

917 3371 971 3427 dici
991 3386 1090 3442 posse,
1106 3358 1240 3442 quomodo
1254 3370 1323 3425 valni
1345 3382 1374 3427 et
1394 3372 1489 3443 quibus
1510 3373 1580 3429 valui
1601 3374 1714 3430 demon-

919 3462 1012 3518 stravi.
1028 3461 1105 3520 Uinde
1117 3469 1222 3533 tempus
1234 3461 1377 3528 admonet,
1393 3463 1461 3518 lrarrc
1473 3464 1595 3520 eamdem
1608 3465 1713 3522 trinita-

920 3561 973 3608 tcm
989 3553 1015 3608 in
1036 3553 1164 3609 interiore
1177 3552 1285 3606 lionrinc
1304 3553 1459 3623 requirere,
1476 3561 1557 3624 atquc
1568 3556 1603 3612 ab
1616 3555 1667 3611 isto
1678 3556 1713 3612 de

918 3660 973 3725 quo
988 3647 1087 3702 tamdiu
1108 3647 1211 3701 locutus
1225 3661 1283 3700 sum
1306 3645 1413 3700 animali
1435 3655 1514 3716 atquc
1536 3648 1652 3715 carnali.
1666 3649 1713 3720 qui

919 3738 1036 3794 exterior
1049 3736 1156 3802 dicitur,
1171 3737 1304 3791 introrsus
1319 3735 1439 3792 tendere.
1455 3735 1505 3793 Ubi
1519 3752 1660 3809 speramns
1673 3739 1715 3794 in-

919 3830 1012 3884 venire
1024 3843 1073 3884 nos
1085 3841 1165 3899 posse
1177 3826 1322 3882 secumdum
1338 3827 1483 3883 trinitatem
1497 3828 1637 3900 imaginem
1650 3830 1713 3897 liei,

919 3931 1029 3978 conatos
1039 3932 1144 3977 nostros
1156 3921 1200 3976 illo
1213 3920 1270 3990 ipso
1280 3921 1431 3989 adjuvante,
1443 3937 1521 3993 quem
1533 3924 1632 3991 ortaria,
1644 3926 1713 3980 sicut

918 4030 962 4069 res
976 4014 1039 4083 ipsae
1054 4013 1180 4077 indicant,
1195 4010 1230 4067 ita
1249 4011 1329 4067 etiam
1343 4023 1433 4069 sancta
1448 4015 1582 4085 Scriptura
1597 4017 1622 4070 in
1636 4032 1713 4070 rnen·

918 4119 980 4160 sura
1007 4115 1034 4159 et
1060 4118 1170 4159 numero
1200 4111 1228 4159 ct
1257 4103 1376 4174 pondere
1405 4105 1568 4175 disposuisse
1601 4117 1713 4164 testatur

920 4195 997 4265 (Snp.
1011 4210 1049 4259 ιιι,
1064 4194 1121 4263 ιι).

952 4286 961 4317 ¹
979 4284 1089 4346 uterique
1101 4289 1164 4344 tiss,
1176 4279 1373 4333 ιιιιιιιιιιιιιιι.

476 4492 732 4602 LIBER*
762 4487 1301 4597 Duouuotnttts

102 4688 127 4730 tn
138 4693 187 4745 quo
198 4679 319 4743 premissa
331 4677 486 4729 distinctione
496 4680 645 4742 saplcntlma
656 4678 767 4735 scientia,
780 4677 804 4726 ia
817 4688 847 4726 ea
875 4687 930 4739 quae
947 4675 1044 4746 proprie
1060 4675 1163 4724 scientia
1181 4681 1341 4746 nurrcupatun
1359 4685 1446 4736 quaeve
1462 4671 1563 4745 insertor
1581 4681 1629 4731 est,
1644 4675 1712 4746 prius

70 4743 181 4806 quaedam
191 4744 228 4792 sui
240 4743 341 4804 generis
351 4741 446 4790 inritus
454 4741 591 4791 ostenditur
604 4754 611 4789 ι
624 4752 678 4804 quae
690 4737 747 4789 licet
758 4738 788 4788 ad
800 4737 943 4788 interiorem
956 4736 1077 4786 lionnueni
1092 4738 1142 4799 jam
1154 4742 1284 4795 pertineat,
1297 4734 1403 4784 nonduin
1414 4739 1496 4785 tamen
1513 4746 1593 4797 irrogo
1608 4742 1651 4784 tter
1671 4736 1711 4786 vel
1731 4790 1732 4794 ,

70 4804 214 4864 aunellanda
225 4802 265 4854 vel
275 4802 385 4866 putanda.

765 4900 1000 4921 ,.......--

105 4971 217 5030 CrlPUT
232 4970 441 5029 tutudit-t.
451 4967 535 5024 llonto
541 4967 648 5023 tatemer
654 4975 677 5021 et
685 4966 789 5022 interior
799 4984 865 5039 quo·

69 5067 111 5122 lit.
124 5068 180 5136 Age
195 5081 274 5129 nunc,
288 5064 426 5120 videamus
437 5061 481 5117 ubi
496 5061 531 5115 sit
541 5059 615 5130 quasi
628 5058 761 5129 quoddam
777 5059 865 5114 bonil-

70 5160 111 5213 nis
130 5159 270 5213 exterioris
282 5156 468 5226 interiorisque
478 5151 773 5222 condatqunidquid
791 5152 865 5210 enim

70 5250 201 5303 babemus
213 5248 239 5302 io
252 5249 341 5303 aninlo
353 5252 761 5313 communecumpccorc,recte
773 5241 861 5299 adhuc

68 5341 166 5395 dieitur
181 5339 215 5394 ad
235 5338 396 5395 ιιιιιιοιιιι
408 5339 542 5395 bominem
558 5338 705 5408 pertinere.
719 5336 777 5392 Nou
790 5337 862 5392 enim

69 5433 155 5486 solum
170 5445 267 5500 corpus
286 5431 366 5486 bomo
380 5431 497 5488 exterior
515 5429 693 5500 deputabitur,
709 5428 756 5485 sed
769 5428 863 5500 adjun-

69 5534 111 5576 ιιι
124 5521 237 5592 quadam
248 5523 300 5577 vita
311 5537 369 5588 sua,
382 5536 433 5592 qua
446 5535 589 5593 compages
598 5520 719 5592 eorporis
729 5527 757 5576 ct
769 5536 863 5578 omnes

69 5627 165 5670 sensus
177 5613 276 5683 rigent,
291 5612 386 5684 quibus
399 5613 544 5670 instructus
557 5621 599 5668 est
612 5611 646 5668 ad
659 5612 790 5668 exteriora
801 5626 863 5679 sen·

71 5702 160 5761 ιιιιιι
171 5718 178 5758 :
189 5717 301 5765 cuorum
315 5717 453 5760 sensorum
467 5702 594 5770 imagines
609 5701 698 5760 indxte
712 5702 738 5759 ia
758 5717 861 5760 metuo·

918 4967 969 5033 ria,
984 4980 1045 5020 cum
1061 4960 1227 5018 recordando
1241 4961 1402 5026 revisuntur,
1418 4976 1461 5016 res
1476 4960 1562 5017 adbuc
1575 4962 1661 5033 agitur
1675 4962 1708 5019 ad

916 5059 1076 5115 exteriorem
1090 5055 1225 5110 bominem
1237 5041 1382 5124 pertinens.
1394 5054 1481 5124 Atque
1492 5054 1517 5108 in
1531 5055 1572 5109 liis
1583 5057 1709 5112 omnibus

916 5159 969 5205 non
982 5148 1140 5204 distamusto
1154 5157 1262 5216 pecore,
1279 5144 1329 5199 nisi
1344 5142 1414 5215 qnod
1428 5144 1509 5215 ligura
1525 5145 1644 5215 eorporis
1656 5159 1710 5199 non

915 5239 1010 5312 proni,
1034 5238 1081 5294 scd
1104 5237 1185 5293 erecti
1205 5236 1423 5302 sarracenam
1445 5251 1475 5292 re
1488 5235 1663 5291 admonentur
1676 5234 1710 5289 ab

915 5349 948 5390 co
960 5332 1006 5404 qni
1018 5346 1067 5387 nos
1078 5330 1149 5394 iecit,
1162 5345 1195 5386 ne
1205 5329 1315 5385 meliore
1326 5328 1408 5382 nostri
1421 5337 1505 5398 parte,
1518 5327 1595 5382 idest
1607 5325 1707 5391 animo,

915 5427 1016 5483 similes
1029 5425 1169 5497 pecoribus
1183 5423 1284 5487 simus,
1298 5436 1313 5476 a
1327 5420 1423 5491 quibus
1433 5419 1557 5490 eorporis
1570 5415 1705 5481 erectione

914 5519 1057 5575 distamus.
1070 5516 1129 5573 Non
1142 5524 1172 5570 ut
1186 5517 1211 5569 in
1227 5528 1258 5570 ea
1280 5527 1339 5584 qnae
1354 5511 1476 5567 sublimia
1491 5517 1552 5564 snm
1573 5508 1598 5561 in
1611 5519 1694 5574 corpo

914 5609 989 5667 ribus
1003 5607 1123 5663 animum
1136 5604 1324 5677 projiciamus;
1342 5616 1401 5657 nam
1424 5600 1465 5655 vel
1481 5600 1508 5654 in
1522 5598 1616 5653 talibus
1630 5594 1711 5666 quie«

916 5713 972 5759 tem
983 5697 1127 5756 voluntatis
1137 5707 1273 5770 appetere,
1284 5703 1453 5767 prosternere
1461 5701 1503 5749 est
1513 5691 1641 5753 animum.
1652 5685 1707 5748 Sed
