3938 6360
105 290 159 347 129

106 399 231 457 bentibus
241 395 295 468 jam
317 392 436 450 moribus
448 399 474 447 et
488 388 600 461 legibus,
616 402 668 443 nou
688 395 799 458 possunt
818 385 891 440 dele·

106 492 173 547 ctari
187 504 297 545 uxorum
312 485 481 541 multitudine
500 483 551 538 nisi
566 480 681 536 libidinis
701 477 891 550 magnitudine,

107 582 168 637 ideo
177 587 266 636 errant
276 585 301 633 et
311 583 404 648 putant
415 573 506 630 baberi
520 573 628 628 omnino
637 587 688 626 uon
700 573 816 643 potuisse
827 584 893 625 uxo·

107 688 150 728 res
165 670 271 735 melers,
291 670 340 724 uisi
354 668 490 739 flagrantia
504 666 726 735 concupiscentiae
737 663 851 720 carnalis
863 671 889 718 et

82 741 87 766 ⁵
107 762 220 818 sordido
230 761 381 830 voluptatis.
395 759 584 828 comparantes
593 755 675 821 onim,
686 770 739 811 nou
750 755 816 809 alios
827 765 894 824 uuo*

106 869 165 908 rum
178 853 259 906 arritni
278 852 401 906 uirtutem
416 863 525 919 prorsus
537 861 617 902 nosse
629 862 681 901 uon
699 854 819 915 possunt,
834 840 892 909 sed,

106 945 176 998 sicut
194 942 232 996 ait
250 939 410 1012 Apostolus,
428 938 586 1009 semetipsos
599 933 768 1005 sibimetipsis
780 932 819 1005 (ιι
834 932 892 988 Cor.

109 1049 137 1098 x,
152 1033 184 1087 fb
194 1030 215 1103 ),
229 1047 280 1086 uon
293 1030 452 1100 intelligunt.
464 1027 567 1099 Etonia
578 1026 627 1098 ipsi
641 1026 744 1082 etiamsi
755 1039 834 1080 ranam
848 1024 895 1078 ba-

107 1123 224 1188 inreriur,
239 1122 271 1176 ad
286 1121 406 1179 earudcm
426 1135 479 1174 uun
498 1120 556 1174 suto
567 1119 575 1150 ¹
587 1117 730 1189 generandi
744 1115 831 1170 offreio
846 1114 896 1170 du-

106 1215 142 1267 cti
157 1213 268 1268 uiriliter
281 1211 426 1277 accedunt,
440 1210 486 1265 sed
501 1223 572 1279 saepe
584 1207 694 1264 coeundi
713 1207 822 1262 stimulo
833 1205 895 1260 victi

111 1304 247 1359 enerviter
261 1302 467 1374 pertrabuntur3
480 1303 555 1372 qnasi
570 1300 700 1356 ueraetaer
712 1299 762 1356 sibi
775 1298 897 1359 ridentur

108 1394 254 1464 conjicere,
268 1408 346 1463 quam
361 1393 461 1464 majore
470 1390 620 1462 hujusmodi
634 1389 727 1445 morbo
740 1405 788 1460 per
798 1388 896 1444 nouitas

110 1486 153 1539 alii
166 1485 350 1555 captiventur,
367 1483 473 1554 quando
489 1497 519 1538 se
533 1484 620 1538 rident
639 1485 665 1537 in
679 1497 729 1536 uua
743 1489 896 1552 temperan-

111 1576 173 1631 tiam
189 1591 242 1632 uon
255 1590 463 1646 posseserrare.

144 1668 259 1725 carot
274 1667 387 1723 xtt'ttt.
400 1698 436 1708 -
450 1666 549 1722 Verum
563 1680 612 1720 nos
630 1665 722 1736 eisqui
735 1665 803 1720 bane
816 1665 899 1720 virtu·

111 1769 163 1814 tem
184 1776 236 1814 nixu
250 1758 363 1823 frabent,
384 1760 419 1814 ita
436 1757 470 1814 de
484 1767 634 1814 sauctorum
648 1759 765 1812 virorum
780 1757 899 1812 moribus

108 1849 235 1921 judicium
253 1852 420 1906 committere
435 1865 486 1905 uon
502 1849 641 1916 debemus,
654 1848 722 1904 sicut
734 1847 768 1904 dc
778 1849 899 1904 ciborum

111 1941 242 1996 suavitate
253 1955 285 1996 ac
301 1941 456 1997 salubritate
466 1940 585 2011 judicare
601 1939 747 1996 febrientes
764 1955 817 1994 uon
832 1939 899 1994 siui-

110 2047 171 2087 mos
189 2050 196 2087 ε
219 2034 358 2104 potitusque
374 2032 428 2088 illis
440 2048 472 2089 ex
492 2047 617 2087 sanorum
632 2047 712 2088 sensu
727 2039 755 2087 et
766 2039 901 2103 praecepto

112 2124 326 2189 medicantium',
340 2139 419 2194 ipram
432 2138 566 2179 eteorum
580 2122 745 2194 aegritudiuis
759 2122 900 2180 affcctione

112 2215 236 2271 alimenta
251 2229 441 2286 properamus.
455 2214 569 2271 Proinde
584 2214 627 2270 isti
640 2214 663 2270 si
677 2215 771 2270 retunt
784 2229 837 2270 uon
851 2212 901 2271 fal·

113 2321 151 2361 sae
164 2315 243 2376 atquo
255 2306 418 2362 annumeratae
429 2348 435 2370 ‚
448 2306 497 2362 scd
515 2321 586 2362 vern
604 2320 636 2362 ao
655 2306 747 2363 solidae
769 2307 902 2378 pudicitia

114 2410 211 2465 capere
223 2396 382 2462 tantitatem,
397 2395 494 2451 diuinae
515 2395 660 2467 Scripturas
679 2403 804 2468 onustam
827 2396 904 2453 libris

115 2484 315 2542 medicinalibus
327 2486 456 2554 credaut,
471 2501 523 2543 uon
537 2485 635 2542 frustra
649 2495 703 2542 mm
715 2502 839 2558 magnum
851 2486 903 2543 bo·

114 2589 208 2631 uorem
229 2576 377 2631 satientatis
398 2576 525 2631 tributum
550 2575 709 2647 quibusdam
735 2575 799 2631 uiris
821 2575 902 2631 etiam

115 2666 205 2737 plures
218 2681 315 2723 names
326 2666 499 2733 habentibus,
511 2667 562 2724 nisi
572 2668 634 2739 quia
645 2666 703 2724 lieri
716 2675 803 2738 potest
813 2676 841 2723 ut
853 2667 905 2722 lm·

115 2767 222 2828 perator
244 2759 332 2814 caruis
353 2759 457 2814 uolutus
480 2767 550 2812 tanta
573 2758 755 2829 temperantiae
775 2766 906 2829 potestate

116 2848 287 2919 rxramtteat,
303 2859 330 2903 ut
342 2849 463 2920 gerritalis
476 2849 661 2905 delectationis
676 2858 776 2904 motum
795 2849 903 2905 ittsitum

117 2947 218 2995 naturae
228 2939 377 2994 ntortalium
391 2954 424 2995 ex
435 2939 600 3010 presidentia
614 2938 756 3010 generandi
770 2939 842 3010 leges
857 2939 906 2994 im-

117 3030 218 3098 pusims
231 3042 283 3084 uon
297 3029 433 3100 permittat
445 3029 585 3086 excedere.
598 3029 720 3101 Alioquin
729 3038 840 3101 possunt
851 3029 904 3096 isti,

118 3119 239 3174 maledici
250 3120 338 3190 potios
350 3120 566 3186 calumniatores,
576 3135 656 3191 guam
670 3120 780 3178 veridici
790 3121 905 3192 judices,

117 3208 198 3264 etiam
213 3217 320 3264 sanctos
334 3208 476 3281 Apostolos
490 3223 626 3276 accusare,
638 3213 709 3282 quod
725 3227 778 3266 nun
791 3210 907 3266 ebarita-

118 3307 146 3356 te
155 3298 298 3370 generandi
313 3299 384 3355 filios
397 3301 458 3356 rite
472 3309 591 3369 aterne,
605 3301 652 3358 sed
665 3302 808 3373 eupiditate
822 3301 908 3357 laudis

652 276 754 335 ttoott
773 272 951 332 ttoesttttts
969 265 1154 330 SECUNDUS.

1683 276 1735 333 tto

947 392 1057 447 rentur;
1070 396 1122 437 nou
1136 394 1273 437 excomm
1288 383 1375 438 inuida
1385 382 1539 453 eupiditate,
1554 398 1605 455 goa
1620 399 1649 441 se
1662 388 1737 443 role-

947 476 1010 530 bam
1020 476 1059 529 uel
1074 475 1182 544 curtari,
1196 475 1239 530 uel
1250 476 1372 546 anteponi
1387 475 1537 547 apostolice
1550 477 1643 548 gloriae
1653 499 1668 547 ¹,
1687 479 1736 537 acrl

946 581 994 636 per
1002 565 1183 636 Erarrgelium,
1192 565 1263 636 quod
1275 567 1378 622 etiamsi
1388 582 1441 622 nort
1449 577 1532 633 caste,
1542 576 1629 625 taurea
1637 584 1736 627 annuo·

948 658 1044 712 tiabant
1056 673 1063 722 ;
1076 666 1104 713 ιιι
1120 656 1154 712 tle
1164 658 1234 712 malo
1248 658 1351 712 illorum
1365 658 1434 714 bens
1443 674 1598 731 operaretur
1614 661 1713 717 bonam
1728 681 1735 718 :

947 747 1017 802 sient
1028 747 1084 802 fieri
1099 756 1187 817 potest
1195 757 1224 802 ut
1232 747 1312 802 bumu
1323 748 1356 802 ad
1363 750 1531 805 concubitum
1545 765 1597 807 oon
1607 752 1737 824 ingredia·
1826 771 1831 779 ·

949 837 1138 892 turroloutate
1159 837 1319 908 generandi,
1342 838 1388 893 sed
1411 839 1562 895 luxuriandi
1570 840 1686 915 libidine
1699 857 1738 897 ra·

949 931 1049 1002 piatum
1062 941 1189 988 ettamen
1206 940 1329 988 nascatur
1342 931 1432 1001 bomo,
1452 932 1551 989 bouum
1566 934 1613 990 bei
1624 949 1691 1005 opus
1703 934 1739 992 de

949 1022 1110 1079 fecunditate
1124 1023 1273 1088 seminum,
1288 1037 1340 1078 nou
1363 1024 1397 1078 de
1419 1023 1581 1094 turpitudine
1601 1025 1737 1081 ritiomm.

948 1112 1020 1170 Sicut
1041 1128 1105 1185 crgo
1124 1114 1206 1170 sancti
1225 1115 1344 1184 apostati
1362 1114 1529 1170 auditoribus
1545 1114 1739 1172 admirantibus

949 1204 1097 1260 doctrinam
1112 1220 1187 1260 snam
1198 1204 1461 1271 condelectabantur,
1474 1222 1527 1261 non
1538 1206 1664 1264 ariditate
1678 1223 1738 1264 cou-

950 1295 1092 1366 sequeude
1110 1295 1204 1359 landis,
1221 1295 1267 1352 scd
1282 1295 1411 1352 charitate
1423 1297 1587 1352 sentinando
1599 1297 1737 1369 ueritatis;

950 1389 985 1443 ita
1000 1389 1083 1444 sancti
1097 1387 1257 1444 fatriarcbar
1271 1388 1428 1460 conjugibus
1440 1390 1635 1461 excipientibus
1645 1405 1736 1447 semen

950 1493 1026 1534 soum
1042 1480 1237 1544 miscebantur,
1253 1495 1305 1535 nou
1326 1481 1540 1552 eoncupiscentia
1562 1483 1739 1554 percipiendae

950 1570 1103 1641 voluptaris,
1115 1572 1161 1628 sed
1176 1573 1342 1642 providentia
1357 1575 1532 1646 propagando
1543 1578 1737 1633 successionis:

951 1676 982 1716 ac
998 1676 1046 1731 prr
1060 1661 1111 1718 lroc
1123 1677 1172 1717 uec
1182 1663 1243 1717 illus
1253 1664 1408 1718 ambitiosos
1418 1665 1739 1735 multitudopopulornm,

952 1765 1002 1807 nce
1016 1753 1075 1807 illos
1090 1752 1247 1809 libidinosos
1263 1755 1404 1811 ruultitudo
1420 1754 1533 1811 faciebat
1551 1773 1673 1812 uxorum.
1687 1758 1741 1814 Sed

951 1842 1064 1913 quidde
1084 1844 1148 1899 siris
1169 1845 1280 1916 loquar,
1296 1845 1392 1915 quibus
1405 1846 1656 1903 excellentissimum
1671 1849 1744 1904 testi·

953 1933 1071 1988 monium
1091 1933 1179 1989 diuina
1199 1949 1264 1991 roce
1284 1935 1447 2006 perhibetur,
1470 1952 1530 1992 cnm
1546 1939 1616 2008 ipsas
1632 1939 1743 1995 feminas

953 2026 1018 2081 satis
1032 2027 1136 2082 eluceat
1149 2025 1215 2083 uibil
1226 2027 1297 2083 aliud
1317 2029 1342 2083 iu
1356 2029 1500 2085 concubitu
1513 2031 1646 2101 appetisse
1661 2046 1742 2101 uuam

954 2117 1042 2172 filiosf
1055 2118 1159 2189 Quippe
1171 2119 1213 2174 obi
1232 2132 1261 2174 ao
1278 2119 1388 2174 minime
1406 2135 1499 2190 parere
1511 2122 1648 2189 riderent,
1662 2119 1745 2177 famo·

955 2209 993 2265 ias
1007 2223 1070 2265 suos
1089 2209 1219 2265 dederuut
1238 2209 1295 2265 uiro
1306 2212 1379 2276 suo¹,
1395 2220 1423 2266 nt
1441 2210 1500 2268 illas
1514 2223 1613 2270 matres
1624 2211 1745 2270 facerent

954 2314 1045 2361 carue,
1061 2301 1126 2370 ipsae
1138 2298 1234 2355 flerent
1245 2300 1391 2356 rolrtutate.

991 2390 1103 2448 CAPUT
1114 2390 1206 2447 ttettt.
1217 2392 1327 2448 -llam
1338 2402 1364 2448 ct
1376 2393 1450 2460 illud,
1460 2393 1531 2464 quod
1543 2395 1746 2465 ntendacioritna

955 2482 1139 2537 criminatione
1155 2480 1268 2536 l'aostos
1281 2481 1388 2552 obiecit,
1404 2483 1529 2539 lrabrrisse
1550 2485 1619 2540 iuter
1632 2496 1662 2541 se
1673 2485 1748 2542 velut
1821 2543 1825 2550 ,

955 2583 1069 2644 quatuor
1076 2581 1164 2628 scorta
1176 2582 1323 2640 certamen,
1331 2588 1454 2645 qrrmuam
1462 2589 1522 2630 eum
1531 2574 1565 2629 ad
1575 2575 1747 2631 coucnbitom

956 2673 1071 2734 raperet,
1085 2663 1128 2719 ubi
1140 2662 1192 2718 froc
1205 2662 1299 2734 legerit
1307 2664 1408 2729 nescio,
1422 2664 1472 2720 nisi
1486 2663 1554 2719 forte
1569 2665 1595 2719 iu
1609 2665 1748 2721 cordesuo
1772 2647 1778 2658 ’

958 2765 1082 2825 tartunam
1104 2757 1131 2810 iu
1156 2754 1224 2810 libro
1247 2753 1409 2810 nefariarum
1434 2753 1611 2824 fallaciarum,
1625 2757 1670 2812 obi
1685 2771 1749 2813 rere

958 2847 1014 2916 ipse
1029 2847 1211 2913 scortabatur,
1233 2845 1281 2901 sed
1294 2860 1354 2901 eom
1368 2855 1492 2917 serpente
1506 2847 1552 2902 illo
1565 2846 1600 2904 de
1612 2862 1667 2918 quo
1680 2844 1752 2919 Apo

958 2939 1041 2994 stolus
1060 2939 1170 2995 timebat
1185 2938 1329 3002 Ecclesin,
1345 2954 1424 3010 guam
1442 2939 1571 3010 virginem
1590 2948 1690 2997 castam
1703 2955 1750 2997 cu·

960 3031 1048 3100 plebat
1066 3032 1109 3086 nui
1123 3031 1182 3085 uiro
1193 3030 1321 3087 exbibete
1332 3030 1458 3094 Cbristo.
1477 3046 1511 3088 ne
1523 3033 1593 3087 sicut
1608 3032 1691 3087 Eram
1705 3031 1750 3088 de

958 3133 1065 3194 ceperat
1087 3125 1182 3178 astutia
1201 3138 1270 3190 sua,
1290 3122 1371 3180 sicet
1384 3123 1489 3178 illorum
1504 3133 1636 3180 mentesa
1651 3122 1751 3180 Christi

959 3215 1080 3270 casticne
1095 3214 1240 3269 avertendo
1253 3220 1437 3283 corrrumperet
1451 3212 1484 3288 (tt
1496 3211 1556 3269 Gor.
1567 3229 1605 3279 xx,
1617 3215 1645 3280 2,
1660 3213 1697 3282 b).
1712 3213 1752 3269 fta

960 3302 1031 3358 onim
1044 3301 1106 3358 bnic
1119 3304 1235 3372 serpenti
1246 3303 1323 3359 amici
1336 3312 1398 3358 suut
1412 3303 1464 3369 istt,
1480 3313 1508 3358 ιιι
1521 3318 1582 3359 eona
1597 3303 1752 3373 praestitisse

118 3390 252 3458 bumana,
264 3391 369 3462 populis
384 3400 437 3447 tam
454 3392 546 3449 multis
558 3392 733 3461 Euangeliou
748 3392 907 3462 praedicare·
960 3394 1048 3465 potius
1060 3393 1072 3426 ²
1083 3409 1162 3465 quam
1173 3395 1297 3449 nocuisse
1309 3392 1481 3449 contendant.
1492 3394 1551 3465 lpse
1562 3395 1640 3464 plane
1652 3394 1752 3451 Fauno

117 3482 182 3537 rint.
195 3482 287 3553 thue
300 3483 371 3539 enim
385 3482 477 3539 deerat
489 3482 541 3539 illis
553 3482 713 3554 evangelicis
727 3483 847 3553 patribus
861 3497 908 3553 per
960 3486 1111 3557 persuasit,
1127 3485 1229 3557 pectori
1248 3485 1397 3541 arlalterato
1411 3483 1533 3541 falsitatis
1546 3487 1648 3543 semina
1662 3485 1753 3543 infort-

118 3587 212 3630 omacs
224 3573 322 3629 Cirristi
334 3573 466 3629 Ecclesiae
478 3572 547 3628 fama
558 3572 685 3643 praeclara
696 3582 735 3629 tot
745 3571 841 3643 linguis
853 3572 909 3628 lau·
931 3556 934 3569 λ
961 3575 1028 3631 deus
1041 3617 1047 3639 ,
1062 3584 1091 3631 ut
1104 3575 1152 3631 itas
1166 3576 1237 3633 male
1251 3586 1394 3647 conceptas
1407 3575 1553 3633 calumnias
1566 3593 1613 3635 oro
1634 3578 1753 3635 immuu-

118 3665 244 3723 dautibus
255 3673 408 3736 comparata
421 3681 428 3718 :
441 3664 494 3720 imo
508 3678 572 3721 reru
582 3662 769 3727 extenderat,
782 3671 811 3718 ut
824 3662 909 3733 malor
961 3666 1072 3723 dissime
1087 3674 1200 3737 pareret,
1215 3675 1243 3722 et
1259 3666 1322 3722 stilo
1334 3665 1511 3724 audacissimo
1524 3668 1604 3725 etiam
1617 3671 1753 3728 memorio

120 3756 271 3813 bominibus
284 3756 319 3812 ab
335 3755 487 3812 homiuibus
501 3755 588 3813 bonor
600 3764 628 3812 et
646 3756 729 3826 gloria
744 3754 841 3812 deferri
855 3771 908 3813 noo
961 3760 1171 3816 commendaret.
1185 3758 1262 3815 Nulla
1275 3758 1347 3816 euim
1359 3760 1514 3817 atteillamm
1527 3762 1613 3817 virum
1625 3761 1708 3820 taeob
1719 3763 1755 3822 ab

119 3847 225 3906 debeat.
242 3848 315 3904 llanc
334 3846 495 3904 inbcclcsia
511 3845 622 3919 gloriam
634 3861 760 3919 perversa
774 3846 910 3903 uoluntate
962 3850 1045 3906 altera
1058 3850 1156 3920 rapuit,
1172 3849 1243 3905 nulla
1255 3849 1288 3906 de
1303 3848 1373 3906 illius
1390 3850 1530 3906 concubitu
1549 3865 1610 3908 cnm
1623 3852 1705 3909 altera
1719 3852 1755 3909 ll·

120 3940 211 3997 Simon
224 3940 343 4011 perditus
352 3939 514 4009 concupivit,
525 3936 632 4010 girando
645 3938 680 3994 ab
691 3939 731 3996 eis
744 3939 856 4010 pecunia
867 3952 911 3994 ro
963 3942 1063 4013 tigerit.
1080 3940 1142 3997 ldeo
1157 3941 1242 4012 uragis
1262 3939 1329 3997 ordo
1342 3949 1419 4009 erat,
1441 3942 1503 4014 quia
1517 3940 1599 3998 libido
1613 3958 1666 3998 uon
1680 3952 1753 4012 erat3

121 4031 170 4086 luit
187 4037 394 4099 caecusemer‘e,
415 4030 486 4103 guod
506 4030 544 4086 illi
559 4028 647 4085 diviua
667 4029 751 4101 gratia
763 4029 911 4100 eademque
962 4042 989 4089 et
1000 4041 1073 4089 tanto
1084 4031 1185 4088 drmins
1195 4032 1369 4089 servabantur
1378 4031 1525 4105 conjugalis
1535 4035 1674 4103 potestatis
1683 4035 1755 4105 jura,

120 4120 233 4191 gratuita
257 4128 411 4176 mememnt
427 4119 501 4192 (Act.
515 4135 572 4188 unt,
588 4117 798 4190 temnuntur
816 4118 911 4176 avidus
936 4140 953 4172 r
963 4135 1064 4197 qrxauto
1078 4125 1178 4181 castius
1201 4125 1334 4180 vitabatur
1346 4124 1461 4180 carnalis
1474 4124 1626 4195 cupiditatis
1647 4125 1755 4195 iniuria.

120 4210 213 4281 gtor'ran
225 4209 307 4266 fuisse
318 4210 487 4281 intelligitur,
496 4225 575 4281 ouen
590 4209 764 4266 seruientem
776 4211 852 4281 segni
862 4210 911 4267 Uo·
964 4216 1040 4286 Quod
1053 4216 1124 4271 enim
1147 4223 1175 4271 et
1195 4214 1230 4270 ab
1248 4228 1333 4270 uxore
1346 4213 1521 4281 conducitur,
1541 4214 1577 4270 ibi
1589 4229 1651 4270 rera
1665 4224 1756 4271 nostra

122 4301 210 4356 miuus
220 4301 247 4354 in
261 4301 521 4371 Euangelloreroeat
532 4301 645 4358 diceus:
668 4299 760 4372 Vulpes
769 4301 911 4369 immeto·
964 4305 1148 4363 manifestatur
1160 4303 1292 4370 assertio,
1308 4304 1343 4359 ibi
1358 4319 1407 4374 pro
1421 4317 1452 4360 sc
1470 4303 1597 4360 adversus
1617 4304 1756 4362 maledieta

122 4393 189 4461 berit,
203 4402 228 4448 et
242 4392 355 4448 uolucres
367 4392 424 4448 ccli
434 4393 593 4460 dimonis,-
608 4392 692 4450 Filios
705 4405 790 4449 ornan
804 4395 912 4452 bomaio
965 4396 1173 4453 blauielraeorum
1194 4396 1252 4467 ipsa
1266 4395 1366 4452 verim
1385 4395 1492 4450 clamat.
1506 4394 1575 4463 Quid
1595 4394 1667 4451 enim
1688 4409 1757 4466 opus

122 4500 173 4538 uon
186 4482 258 4538 babet
271 4482 315 4538 uli
327 4483 520 4551 mantredinet
533 4483 640 4555 (ιιιιιιι.
654 4483 783 4556 rrrr,2d).
799 4484 913 4542 fidebat
965 4486 1230 4544 eratotenmaltera
1243 4485 1414 4551 conduceret,
1428 4483 1553 4556 uislguia
1566 4485 1757 4543 ordoaltorius
1841 4494 1845 4501 ·

121 4574 192 4630 euim
204 4588 265 4631 eom
278 4572 370 4631 dolosa
387 4571 557 4630 simulatione
577 4573 749 4631 tenebrosum
761 4583 789 4632 et
802 4583 912 4634 mutosa
964 4588 1022 4636 erat
1033 4585 1063 4635 ut
1074 4577 1107 4634 ad
1118 4594 1176 4634 eam
1187 4577 1298 4634 maritus
1310 4576 1440 4634 intraret?
1448 4576 1539 4648 Neque
1550 4577 1620 4635 enim
1633 4577 1666 4633 ad
1681 4578 1756 4635 biam

120 4664 237 4720 ebtioue
246 4663 375 4737 jactatum
385 4702 394 4732 ,
406 4679 460 4720 non
474 4662 573 4720 habere
587 4663 649 4722 fidei
663 4665 751 4722 focum
765 4668 810 4724 ubi
824 4682 855 4725 se
869 4669 911 4725 in·
965 4683 1099 4741 nunquam
1119 4669 1275 4725 xrecemisset
1288 4666 1318 4736 ⁸,
1341 4667 1393 4724 nisi
1413 4683 1474 4725 enm
1493 4667 1665 4725 conduxisset
1684 4685 1693 4723 a
1709 4669 1758 4727 scd

120 4758 265 4813 ctiuautem
275 4758 414 4815 doctorem
430 4756 588 4814 hurmilitatis
600 4759 736 4830 exciperet
744 4760 828 4831 aquia
838 4759 865 4815 in
875 4758 912 4816 di·
966 4764 1057 4834 utique
1068 4761 1148 4833 iustis
1160 4761 1193 4816 ad
1206 4773 1265 4817 eam
1281 4760 1383 4818 vicibus
1392 4759 1547 4828 accedelrat,
1560 4759 1595 4817 de
1607 4775 1658 4831 grta
1671 4769 1711 4817 tot
1722 4761 1757 4817 ti·

121 4848 359 4918 seipulatuclrristi
370 4864 423 4905 nou
438 4848 510 4906 illius
520 4850 643 4922 gratiam,
654 4850 702 4908 sed
712 4852 911 4924 suamgloriam
965 4854 1017 4911 lios
1030 4861 1228 4926 procreaverat,
1237 4860 1264 4908 et
1277 4852 1320 4908 oui
1332 4851 1468 4909 obedierat
1482 4859 1511 4907 ιιι
1522 4852 1602 4908 etiam
1614 4849 1649 4909 de
1659 4853 1757 4910 aneilla

121 4941 283 5011 reorurebat.
303 4941 361 4997 lloc
378 4954 472 4998 amoro
491 4941 583 5014 glorie
602 4944 720 5013 corrupti
734 4950 821 5009 eraut,
844 4957 912 5013 onos
966 4950 1163 5016 procrearet,et
1176 4941 1210 4998 de
1221 4955 1273 5012 qua
1287 4949 1380 5013 postea
1392 4954 1445 5000 non
1459 4941 1758 5013 condocenteprocrea·

121 5031 220 5088 Paulos
231 5034 369 5104 apostolus
381 5040 465 5100 notat,
479 5032 550 5105 urrod
566 5048 613 5104 per
626 5034 752 5091 tnridtan
766 5043 793 5092 et
804 5045 912 5093 conten·

121 5126 220 5182 tionem
233 5142 286 5183 non
298 5135 371 5183 caste
382 5124 517 5183 christum
536 5126 725 5184 aununtiarem
739 5145 746 5184 :
761 5127 859 5200 ouibus
871 5136 912 5184 ta·

121 5231 183 5273 meu
197 5216 402 5288 predicantibus
413 5217 511 5291 gaudet
524 5217 667 5289 apostotus
677 5216 807 5291 (Philipp.
823 5232 850 5285 t,
866 5218 912 5277 lli

1000 5203 1010 5238 ¹
1029 5165 1155 5254 vademur
1165 5199 1252 5265 exlex,
1260 5198 1399 5267 opoetdletr
1407 5200 1504 5265 gruem.
1529 5197 1572 5250 altt
1589 5198 1688 5264 ιιιιιιιιιιι
1702 5204 1758 5251 ose.

122 5306 187 5362 te·
234 5307 240 5323 ·
314 5309 361 5324 ··
587 5307 623 5323 ··
927 5260 1254 5341 mmm·
1804 5311 1809 5318 ’

164 5308 189 5379 ),
203 5321 291 5364 serens
305 5311 362 5365 ιιοιι
375 5323 454 5379 posse
466 5316 497 5364 ut
507 5308 571 5365 dum
586 5308 624 5364 ιιιι
637 5317 775 5366 secuntur
787 5307 910 5366 burmann
997 5328 1008 5358 ¹
1024 5330 1090 5398 rna,
1101 5322 1220 5375 ordeum
1230 5320 1353 5376 mosne.
1371 5321 1430 5375 ectri
1441 5329 1524 5374 annm
1539 5318 1579 5372 abt
1591 5327 1617 5373 et
1626 5327 1691 5380 tte..
1710 5320 1756 5372 do·

965 5387 1052 5439 dertott
1062 5397 1115 5438 nro
1130 5397 1183 5438 sno.
1202 5391 1211 5435 ι
1269 5398 1286 5436 e
1303 5385 1368 5450 quod
1386 5385 1506 5450 seqnitur,
1522 5384 1638 5447 (amon,
1656 5384 1757 5446 requirit

966 5446 1427 5572 ‘remeantum

996 5569 1007 5602 ⁴·
1023 5584 1084 5632 am,
1095 5579 1173 5636 :tegre
1183 5568 1248 5621 etaim
1257 5569 1291 5620 od
1301 5567 1376 5620 oliam
1385 5580 1507 5633 nunquam
1517 5564 1664 5638 aecem,
1674 5568 1712 5613 tir.
1728 5571 1755 5616 ci

964 5639 1120 5747 ffl'ffim
1129 5629 1195 5684 nen
1203 5631 1236 5683 ert
1247 5628 1321 5682 elbai
1332 5642 1437 5697 urgunn
1447 5632 1592 5681 cremonen
1603 5632 1757 5691 manantur

121 5397 214 5470 gloriae
230 5398 422 5472 cupiditatem.
436 5409 525 5457 tamen
546 5402 587 5458 bis
600 5401 697 5458 auditis
709 5400 803 5459 fideles
817 5416 911 5458 nasce·

154 5570 402 5624 ·stemelioresttas
415 5573 681 5637 aretinnmntun

121 5633 240 5757 affl
248 5632 572 5758 :gramm
581 5643 605 5689 et
614 5643 734 5704 precepto
742 5636 901 5692 mediterrone
