3938 6360
165 390 197 429 ea
211 374 347 433 voluntate
361 376 462 433 nolunt.
476 374 626 432 Meminisse
646 371 725 431 etiam
746 386 776 430 ιι
792 372 900 438 sciunt;
915 374 954 429 si-

166 468 273 539 mulque
284 469 372 525 sciunt
383 469 453 541 qued
466 482 546 525 nenne
558 465 741 534 meminisset,
760 464 811 520 nisi
831 471 904 522 esset
924 479 956 519 ac

165 559 267 617 niteret
282 578 289 614 ι
304 560 351 616 sed
365 571 392 617 et
406 562 490 632 ipsam
511 558 666 614 memoriam
689 555 723 613 ad
744 554 842 627 aliquid
862 553 955 613 reteri·

166 666 243 717 ιιιιιι,
268 651 339 722 quod
365 666 396 706 ea
418 650 597 706 meminimus.
624 647 733 704 Duobus
756 647 835 718 igitur
859 644 956 702 lterum

166 743 267 810 triton,
290 745 418 799 memoria
439 753 466 799 et
488 742 680 812 intelligentia,
703 739 845 796 multarum
867 754 957 795 rerum

166 836 260 891 notitia
281 845 360 907 atque
382 836 491 891 seientia
512 835 703 890 continemur:
725 831 847 888 voluntas
866 838 955 885 autem

166 925 262 992 adest,
279 942 418 998 perquam
440 926 559 981 lrnamnr
579 925 619 981 cis
638 924 681 979 rel
698 933 813 980 utamur.
835 920 959 978 Fruimur

167 1017 239 1072 enim
254 1020 376 1089 cognitis,
386 1019 412 1074 in
426 1019 521 1088 quibus
532 1018 656 1073 voluntas
665 1017 729 1086 ipsis
739 1023 847 1087 propter
857 1028 886 1070 ιι
899 1011 958 1083 ipsa

167 1109 298 1165 delectata
313 1110 477 1181 conquiescit
493 1127 499 1165 :
515 1109 615 1164 utimur
630 1123 693 1163 roro
706 1107 745 1162 eis
760 1121 818 1175 qum
831 1103 865 1160 ad
885 1103 957 1159 aliud

168 1197 369 1271 retererrus'qno
381 1200 521 1256 fruendum
530 1208 580 1256 ιιι.
588 1199 641 1254 Νιι
650 1207 691 1254 ιιι
701 1198 810 1252 aliaritu
819 1195 957 1250 bonninum

168 1292 262 1347 vitiosa
289 1303 367 1363 atque
393 1292 551 1364 culpabilis,
566 1306 645 1362 quam
664 1289 734 1345 male
758 1299 834 1344 utens
848 1296 875 1343 et
889 1285 958 1342 male

168 1380 268 1436 truens.
286 1381 323 1436 be
341 1397 392 1452 qna
412 1398 441 1437 re
461 1397 514 1438 non
536 1391 578 1437 est
598 1397 669 1437 nunc
685 1379 834 1436 disserendi
850 1378 935 1434 loeus·

203 1472 247 1526 lt.
268 1471 321 1526 Sed
333 1472 458 1542 qnoniam
471 1473 505 1528 de
518 1481 610 1526 natura
631 1471 728 1527 mentis
747 1471 853 1541 agitur,
868 1482 957 1525 reme·

144 1616 146 1623 ,
167 1576 276 1618 neamus
289 1577 305 1617 a
318 1562 529 1618 consideratione
548 1569 638 1616 nemra
659 1575 752 1616 omnes
774 1558 881 1615 notitias
899 1572 959 1629 qum

166 1652 308 1722 capiuntur
322 1653 487 1708 extrinsecus
500 1668 548 1723 per
560 1666 655 1708 sensus
664 1651 802 1722 corperis;
818 1659 845 1706 ct
855 1664 885 1704 ea
899 1665 959 1720 qntc

168 1744 324 1813 posuimus,
340 1759 433 1799 omnes
445 1753 548 1801 mentes
560 1742 595 1800 de
609 1759 638 1799 sc
652 1743 715 1813 ipsis
728 1757 807 1797 nosse
819 1749 959 1811 certasque

168 1849 247 1901 esse,
263 1834 414 1905 diligentius
428 1835 605 1891 attendamus.
629 1833 722 1890 Utrum
744 1832 815 1888 enim
836 1831 906 1887 acris
925 1831 960 1886 sit

168 1926 208 1980 ris
234 1926 360 1992 uiuendi,
385 1924 594 1991 reminiscendi,
622 1923 806 1995 intelligendi,
833 1921 957 1988 nolendi,

167 2016 320 2086 cogitandi,
336 2015 436 2071 sciendi
449 2057 456 2084 ,
468 2015 604 2086 judicandi
618 2031 625 2082 ;
642 2030 675 2069 an
688 2015 776 2086 ignis,
791 2031 824 2068 au
836 2013 957 2080 cerebri,

110 2158 113 2163 .
167 2123 201 2159 an
215 2107 370 2176 anagninis,
385 2123 419 2162 nn
431 2117 580 2162 momorum
593 2147 600 2174 ,
615 2121 648 2160 an
661 2115 758 2176 praeter
779 2105 873 2161 usitata
891 2120 958 2175 qua·

168 2205 229 2250 tunr
242 2197 373 2253 elementa
388 2197 472 2267 quinti
486 2196 665 2266 nesciocuius
679 2195 798 2266 eorporis
809 2236 817 2262 ,
828 2210 862 2250 an
876 2195 959 2266 ipsius

166 2286 255 2340 earnis
269 2294 368 2341 nostrae
380 2300 508 2356 compago
519 2285 560 2340 rel
575 2294 812 2355 temperamentum
828 2284 885 2341 lime
898 2285 958 2342 eld-

166 2392 229 2432 eere
256 2376 362 2442 ualeat,
385 2377 572 2433 duuiurernnt
592 2377 734 2433 lronritres:
757 2386 785 2433 et
803 2377 871 2432 alius
888 2376 957 2445 boc,

166 2468 235 2522 alius
246 2468 317 2523 alittd
331 2468 465 2525 aldrmare
478 2478 588 2526 conatus
601 2478 652 2526 est.
673 2468 767 2524 Vivere
783 2483 812 2524 se
827 2477 915 2524 tamen
932 2479 959 2525 et

166 2560 341 2625 rimorinisse,
356 2569 382 2615 et
396 2559 562 2630 intelligere,
578 2567 606 2616 et
625 2559 714 2626 velle,
730 2567 757 2614 ιι
770 2559 907 2629 cogitare,
932 2566 959 2614 et

165 2648 252 2713 scire,
268 2658 295 2704 et
304 2648 425 2719 judicare
435 2650 495 2719 quis
505 2648 628 2706 dubitetl
641 2647 862 2720 Quandoquidem
875 2648 956 2702 etiam

165 2741 188 2794 si
202 2739 322 2807 dubitat,
338 2741 420 2796 vivit:
437 2741 459 2796 si
473 2741 576 2797 dubitat
588 2740 657 2796 unde
678 2739 800 2807 dubitet,
821 2732 958 2806 meminit;

164 2831 188 2886 si
203 2830 325 2898 dubitat,
340 2830 463 2888 dubitare
479 2847 508 2888 se
523 2831 643 2903 intelligit
657 2847 664 2898 ;
680 2831 703 2887 si
724 2829 846 2898 dubitat,
870 2838 960 2885 certus

164 2943 226 2982 esse
248 2927 324 2993 rult;
345 2928 367 2982 si
388 2927 509 2994 dubitat,
532 2927 647 2998 cogitat;
670 2926 691 2981 si
711 2924 833 2992 dubitat,
855 2925 907 2980 seit
930 2941 960 2980 se

166 3019 289 3085 nescire;
303 3018 326 3074 sl
338 3018 441 3074 dubitat
452 3018 572 3088 ,judicat
585 3034 637 3072 non
650 3032 680 3072 sc
693 3023 794 3072 ιιιιιιιι
808 3015 960 3071 eernsentire

165 3120 301 3180 innectere.
317 3111 441 3180 Quisquis
456 3111 535 3180 igitur
547 3109 653 3164 aliunde
665 3107 766 3163 dubitat
778 3148 786 3173 ,
799 3108 832 3164 de
846 3108 887 3163 bis
901 3123 960 3164 om·

166 3200 245 3255 nibus
257 3191 379 3255 dubitare
392 3216 444 3254 nnn
456 3199 535 3255 debet
548 3216 555 3254 ι
568 3215 626 3269 quae
639 3199 661 3254 si
674 3213 727 3253 non
738 3205 847 3265 essem,
861 3197 895 3254 de
906 3198 957 3255 ulla

167 3308 197 3345 re
212 3292 335 3346 ‹lubitare
349 3305 402 3346 non
419 3301 517 3363 posset.

202 3384 244 3439 15.
266 3383 329 3438 llaec
343 3383 432 3439 emnia
444 3424 452 3449 ,
464 3383 508 3453 qui
521 3382 562 3438 nel
575 3394 671 3451 corpus
683 3380 724 3437 rel
736 3381 957 3453 compositionem

165 3491 213 3530 seu
228 3475 447 3546 incinerationem
462 3475 582 3546 corporis
597 3487 658 3530 esse
671 3482 788 3529 urentem
806 3481 916 3542 putant,
930 3473 956 3527 in

165 3567 287 3633 subrecto
299 3580 359 3620 esse
379 3565 472 3620 solum
490 3564 596 3630 rideri,
618 3571 646 3618 ut
667 3563 814 3619 substantia
836 3563 870 3617 sit
889 3576 956 3628 aer,

165 3656 207 3712 rel
222 3657 308 3728 ignis,
324 3655 380 3710 sire
392 3653 499 3729 aliquod
513 3652 583 3708 alind
604 3668 722 3724 eorpus,
745 3651 816 3723 quod
840 3662 956 3708 mentem

166 3759 280 3819 putant;
305 3747 479 3817 intelligentia
506 3761 570 3800 reru
597 3746 632 3800 ita
657 3745 720 3799 insit
745 3743 807 3798 brtic
830 3744 956 3814 corpori,

165 3840 234 3895 sicut
247 3838 361 3910 qualitas
378 3821 457 3907 ejns':
472 3834 511 3893 'ut
525 3835 589 3892 illud
609 3836 756 3907 subjeetum
775 3836 829 3900 sit,
853 3834 911 3890 une
930 3836 957 3891 in

165 3932 304 4002 subjecto;
319 3930 467 4001 subjeetum
480 3929 582 3986 scilieet
594 3943 671 3984 tuens
685 3942 765 3998 quum
781 3940 877 3997 corpus
897 3940 958 3982 esse

165 4023 348 4088 arbitrantur,
375 4025 403 4076 ln
428 4021 550 4091 subjecte
570 4027 660 4077 autem
683 4018 875 4088 intelligentia,
900 4015 957 4072 sire

165 4115 227 4183 qnid
241 4113 311 4170 aliud
325 4129 418 4169 eorum
433 4129 491 4183 quae
506 4121 579 4170 certa
597 4111 675 4168 nobis
688 4125 748 4167 esse
762 4123 956 4166 commemora·

165 4204 262 4258 rimus.
278 4203 357 4259 ltrxta
370 4205 512 4273 opinantur
526 4204 606 4259 etiam
622 4202 659 4257 illi
673 4202 718 4268 qni
737 4210 852 4255 mentem
869 4199 953 4270 ipsam

165 4302 263 4364 negant
276 4308 336 4348 esse
349 4308 466 4363 corpus,
488 4293 535 4347 sed
557 4293 737 4362 compaginem
757 4301 802 4346 arnt
822 4299 954 4359 tempera·

165 4383 264 4443 tionem
277 4382 407 4452 eorporis.
419 4381 474 4436 lloc
484 4382 555 4436 enim
566 4382 695 4447 interest,
709 4380 779 4450 quod
790 4380 825 4436 illi
838 4388 953 4436 mentem

165 4474 249 4545 ipsam
264 4472 355 4526 dieunt
369 4485 428 4527 esse
441 4471 635 4538 substantiam,
658 4470 685 4524 in
705 4486 757 4540 quo
781 4468 901 4538 subjecte
921 4470 956 4526 sit

166 4563 338 4633 intelligentia
349 4580 355 4617 :
366 4562 408 4616 isti
417 4571 504 4616 autern
515 4562 597 4631 ipsam
605 4568 720 4615 mentem
733 4560 757 4613 in
765 4558 884 4629 subjecto
894 4573 955 4616 esse

115 4708 116 4714 ,
165 4657 276 4722 dieunt,
294 4669 407 4724 corpore
417 4654 518 4708 scilicet
530 4653 605 4723 cnjus
619 4652 777 4723 compositio
794 4651 834 4708 rel
850 4660 954 4724 tempe·

165 4750 233 4803 ratio
243 4755 294 4804 est.
307 4744 383 4802 Unde
392 4752 588 4814 consequenter
597 4742 882 4814 etiamintelligentinm
891 4744 954 4816 qnid

165 4839 236 4895 aliud
248 4853 326 4910 qnam
342 4836 471 4892 incudem
488 4834 606 4905 subjecto
616 4849 729 4906 corpore
737 4836 908 4892 existimanti

200 4929 244 4985 lb.
264 4929 312 4998 Qni
328 4941 421 4983 ontnes
442 4941 494 4980 non
510 4925 668 4991 advertunt,
697 4936 814 4981 tttetttem
830 4941 910 4983 nosse
924 4942 955 4984 se

161 5020 243 5075 etiarn
263 5034 323 5075 cum
342 5017 436 5090 quaerit
455 5032 503 5082 se,
526 5017 593 5071 sieut
613 5016 668 5087 Jam
689 5016 864 5073 ostendimus.
876 5017 954 5074 Nullo

163 5110 243 5164 tenendo
258 5120 346 5165 autem
362 5120 433 5166 reete
448 5109 544 5164 dicitur
558 5106 620 5164 seiri
632 5108 718 5180 aliqua
734 5124 777 5165 res
790 5150 798 5178 ,
812 5107 875 5183 dum
896 5110 954 5182 ejus

164 5200 301 5268 ignoratur
313 5200 471 5257 substantia.
487 5200 673 5268 Quapropter,
694 5213 755 5255 cum
770 5214 800 5255 se
813 5215 888 5256 mens
904 5218 953 5255 no·

162 5291 219 5354 tit,
235 5289 410 5346 substantiam
424 5307 498 5346 suam
511 5291 583 5346 trotit
594 5308 602 5356 ;
612 5300 640 5346 et
650 5304 709 5346 cum
720 5290 754 5348 de
766 5306 796 5348 se
808 5300 880 5348 certa
892 5303 951 5361 est,

163 5383 197 5437 de
210 5381 357 5437 substantia
372 5398 419 5438 sua
432 5392 504 5440 certa
519 5392 569 5440 est.
583 5383 660 5441 Certa
681 5392 722 5440 est
741 5392 828 5440 autem
849 5383 883 5440 de
901 5401 951 5453 se,

161 5474 230 5527 sicut
244 5474 404 5530 conrimnm
418 5490 448 5530 ea
462 5491 521 5546 qnae
535 5491 614 5547 supra
636 5475 705 5532 dicta
729 5484 800 5532 sunt.
821 5475 876 5533 Nec
894 5491 952 5536 one

160 5566 224 5621 trino
237 5575 308 5622 certa
323 5576 381 5631 est,
399 5573 565 5633 utrumme,
581 5584 614 5624 an
630 5570 697 5641 ignis
718 5570 771 5637 sit,
791 5585 823 5624 an
844 5569 950 5642 aliquod

159 5673 277 5731 eorpus,
292 5658 332 5744 rel
346 5657 442 5729 aliquid
465 5662 592 5735 eorporis.
614 5660 671 5717 Non
691 5669 730 5718 est
751 5661 829 5734 igitur
850 5662 948 5746 aliquid

833 252 931 311 tibull
952 253 1110 317 uetitus.

1746 266 1801 326 9ιὶ

1011 389 1103 433 eorum
1118 391 1124 431 :
1140 382 1277 449 totumque
1290 374 1355 432 illud
1367 376 1438 450 quod
1457 378 1609 450 relabetur
1629 389 1659 437 m
1675 383 1800 455 mnerit,

1009 465 1043 521 ad
1058 467 1108 524 lroe
1121 468 1235 538 pertinet
1245 478 1274 524 ut
1285 477 1357 525 certa
1368 469 1403 525 sit
1417 485 1470 526 non
1486 484 1515 525 se
1526 484 1586 526 esse
1595 470 1693 542 aliquid
1705 486 1800 530 eorum

1010 555 1150 628 dequibus
1163 558 1263 614 ineerta
1277 568 1337 626 est,
1353 559 1431 631 idque
1444 560 1530 616 solum
1544 575 1604 616 esse
1618 576 1648 617 se
1660 571 1733 618 certe
1746 570 1802 628 nt.

1009 647 1081 717 qnod
1094 648 1179 704 selum
1192 664 1252 705 esse
1265 664 1295 705 se
1309 659 1380 706 certa
1395 660 1446 706 est.
1461 649 1505 706 Sic
1517 650 1587 707 enim
1601 651 1699 722 cogitat
1713 652 1802 725 ignem

999 747 1179 808 amtorem,
1195 748 1223 795 et
1242 738 1369 812 quidquid
1385 740 1457 796 alind
1477 741 1597 812 corporis
1610 742 1717 814 cogitat.
1745 736 1816 809 lle-l

1011 845 1062 899 que
1083 828 1136 885 ulle
1158 829 1237 886 medo
1255 831 1312 887 lieri
1327 840 1416 902 posset
1430 841 1459 886 ut
1473 832 1507 887 ita
1527 831 1657 903 cogitaret
1679 831 1706 888 id
1727 828 1816 917 quudl'

1011 921 1067 991 ipsa
1093 931 1153 989 est,
1181 922 1403 992 quemadmodum
1431 924 1548 995 cogitat,
1578 923 1604 978 id
1638 923 1710 994 quod
1743 923 1817 1015 ipsa}

1011 1028 1064 1067 nou
1077 1020 1128 1068 est.
1150 1013 1201 1071 Per
1216 1013 1379 1085 phantasiam
1391 1015 1491 1086 quippe
1506 1014 1688 1086 imaginariam
1695 1016 1801 1089 ‚cogitat

1012 1102 1069 1159 lame
1082 1105 1170 1160 omnia
1183 1146 1191 1171 ,
1205 1105 1261 1160 sive
1276 1104 1384 1175 ignem,
1403 1107 1459 1160 sire
1475 1121 1584 1172 aerem,
1607 1108 1666 1162 sire
1681 1107 1744 1163 illud
1759 1108 1802 1165 nel

1011 1194 1073 1249 illud
1087 1210 1202 1264 corpus,
1219 1207 1353 1266 partemne
1368 1196 1438 1250 illam
1452 1238 1460 1263 ,
1472 1211 1520 1251 seu
1533 1198 1716 1269 compaginem
1731 1207 1802 1255 tem·

1011 1286 1228 1356 perationemque
1241 1287 1380 1356 corporis;
1403 1302 1453 1342 nec
1467 1288 1557 1358 utique
1571 1288 1620 1342 ista
1635 1289 1743 1356 omnia,
1755 1288 1803 1345 sed

1010 1375 1109 1445 aliquid
1133 1374 1226 1430 lterum
1244 1391 1304 1432 esse
1326 1376 1432 1431 dicitur.
1460 1377 1487 1431 Si
1510 1377 1572 1448 quid
1594 1387 1682 1434 antem
1708 1379 1803 1436 borum

1011 1476 1102 1533 esset,
1117 1466 1195 1521 aliter
1209 1466 1234 1521 id
1250 1483 1328 1538 quam
1342 1478 1438 1525 emera
1453 1469 1603 1541 cogitaret,
1628 1486 1681 1529 nou
1701 1471 1804 1533 scilieet

1012 1573 1060 1629 per
1074 1559 1215 1629 imaginale
1229 1559 1383 1630 ingerentum
1396 1602 1403 1630 ,
1418 1561 1487 1618 sicut
1500 1560 1650 1633 cogitantur
1661 1562 1781 1624 absentia
1794 1605 1802 1634 ,

1011 1665 1070 1720 qum
1085 1652 1298 1721 sensucorporis
1318 1661 1387 1708 tacta
1409 1662 1489 1719 sunt,
1513 1653 1569 1709 sire
1592 1654 1700 1710 omnine
1724 1655 1802 1726 ipsa,

1011 1741 1068 1797 sire
1081 1742 1201 1810 eiusdem
1215 1743 1322 1814 generis
1336 1743 1440 1815 aliqum
1456 1744 1502 1799 sed
1521 1743 1636 1815 quadam
1656 1746 1801 1813 interiore,

1011 1847 1064 1888 nen
1080 1832 1223 1902 simulata,
1238 1834 1285 1890 sed
1299 1850 1360 1890 reru
1377 1836 1517 1906 presentia
1540 1835 1613 1909 (nori
1632 1835 1704 1892 enim
1724 1837 1804 1910 quid·

1011 1941 1089 1995 quam
1103 1927 1140 1981 illi
1155 1936 1196 1983 est
1210 1941 1240 1983 se
1253 1927 1309 1998 ipsa
1332 1925 1512 2000 presentius)
1528 1945 1535 1982 :
1558 1929 1627 1985 sicut
1645 1931 1744 2000 cogitat
1764 1931 1804 1985 ri-

1011 2030 1074 2071 vere
1088 2031 1117 2070 se
1130 2058 1138 2083 ,
1152 2024 1179 2071 et
1196 2017 1371 2085 meminisse,
1393 2027 1418 2072 ct
1441 2018 1610 2090 immulgere,
1631 2029 1658 2075 et
1674 2019 1743 2076 velle
1761 2034 1802 2077 te.

1011 2106 1089 2162 Novit
1101 2108 1244 2163 enirn-lnce
1256 2108 1282 2162 in
1297 2124 1345 2174 se,
1361 2123 1410 2164 nee
1424 2108 1582 2180 imaginatur
1595 2111 1670 2182 quasi
1684 2119 1759 2167 extra
1773 2126 1804 2167 se

1012 2200 1054 2254 illa
1069 2215 1148 2255 sensu
1163 2199 1296 2270 tetigerit,
1311 2199 1380 2256 sicut
1393 2200 1541 2271 corporalia
1555 2216 1668 2273 quaeque
1687 2210 1802 2274 tangun-

1011 2303 1064 2347 tnr.
1080 2292 1119 2367 Ex
1134 2308 1246 2363 qnorum
1260 2292 1466 2363 cogitationibus
1480 2292 1501 2348 si
1518 2292 1583 2346 nibil
1602 2292 1653 2347 sibi
1671 2290 1802 2364 alllngat,

1012 2391 1039 2435 ut
1055 2380 1106 2435 talo
1121 2380 1220 2452 aliquid
1232 2395 1291 2436 csse
1303 2395 1333 2436 se
1349 2390 1440 2451 putet,
1462 2380 1588 2452 quidquid
1610 2382 1636 2438 ei
1658 2382 1691 2439 de
1712 2397 1742 2439 se
1756 2397 1803 2440 ro·

1011 2480 1119 2537 rnanct,
1134 2470 1184 2526 lroc
1197 2470 1282 2525 solum
1300 2471 1356 2543 ipsa
1372 2479 1423 2526 ιιι.

1046 2561 1158 2618 turbt
1172 2559 1261 2616 XL·
1273 2562 1315 2619 tl.
1334 2560 1367 2616 ln
1383 2562 1513 2628 utemort'o,
1531 2563 1705 2634 intelligentie,
1722 2573 1746 2619 et
1758 2579 1805 2619 uu·

1012 2652 1107 2708 lenitate
1116 2655 1261 2708 cinerentur
1275 2654 1414 2725 ingenium,
1425 2654 1540 2709 doctrina
1553 2665 1576 2709 et
1589 2672 1657 2711 ιιιιιι.
1668 2655 1803 2726 lienteria,

1012 2744 1175 2816 intelligentia
1189 2755 1212 2800 et
1230 2744 1344 2800 uniendos
1364 2755 1510 2800 enumerent
1525 2747 1699 2817 essentialiter,
1715 2757 1738 2804 et
1754 2749 1804 2804 tria

1011 2836 1121 2891 relation.
1147 2835 1265 2891 [lentulis
1287 2836 1366 2907 igitur
1387 2836 1520 2908 paulisper
1543 2837 1657 2902 cacteris,
1689 2851 1803 2909 querum

1011 2942 1087 2983 niens
1097 2927 1231 2998 deseipsa
1245 2938 1317 2983 certa
1333 2935 1383 2992 cst,
1398 2929 1447 2982 triu
1464 2927 1520 2984 ltaee
1530 2929 1697 2998 potissimum
1712 2928 1803 2986 cousi·

1011 3019 1103 3075 derata
1117 3028 1271 3087 tractemus,
1295 3020 1462 3088 meritoriam,
1476 3020 1687 3091 intelligentiam,
1705 3022 1803 3078 solun·

1011 3117 1101 3165 tatem.
1113 3107 1141 3163 lu
1153 3110 1193 3165 bis
1206 3109 1277 3165 enim
1289 3110 1372 3168 tribus
1387 3111 1483 3182 inspici
1501 3111 1587 3167 solent
1599 3114 1679 3168 etiam
1694 3112 1801 3185 ingenia

1011 3199 1180 3268 parrttlorum
1202 3199 1350 3269 cujusmodi
1378 3199 1520 3270 prcelcram
1540 3201 1668 3257 indolem.
1693 3203 1799 3272 Quanto

1009 3289 1105 3360 qnippe
1126 3291 1244 3345 tenacius
1260 3299 1287 3346 et
1298 3290 1402 3346 facilius
1423 3307 1489 3362 puer
1503 3293 1632 3358 meminit,
1647 3302 1800 3367 quanteque

1009 3380 1111 3435 acutius
1124 3380 1246 3450 intelligit
1257 3381 1278 3449 ¹,
1299 3381 1423 3437 etstudet
1435 3381 1581 3450 ardentius,
1600 3391 1674 3439 tamo
1686 3392 1729 3440 ιιι
1739 3382 1800 3441 lau·

1009 3468 1146 3524 debilioris
1169 3470 1277 3541 ingenii.
1299 3470 1365 3526 Cum
1393 3487 1457 3526 rero
1481 3472 1515 3527 de
1535 3473 1665 3544 cuiusque
1680 3473 1801 3531 doctriua

1009 3559 1146 3630 quaeritur,
1157 3576 1210 3617 non
1222 3570 1320 3632 quamn
1330 3561 1455 3619 lirnritate
1464 3578 1496 3619 ae
1505 3562 1629 3620 facilitate
1637 3566 1801 3634 meminerit,

1009 3652 1051 3707 rel
1066 3662 1165 3723 quanto
1187 3653 1311 3710 acumine
1331 3654 1474 3726 intelligat;
1498 3655 1545 3711 sed
1559 3656 1622 3728 quid
1636 3658 1801 3727 meminerit,

1009 3751 1036 3799 et
1045 3743 1108 3814 quid
1121 3743 1249 3816 intelligat
1261 3745 1399 3815 queritur.
1417 3745 1451 3801 Et
1466 3746 1526 3817 quia
1540 3763 1592 3804 nen
1609 3755 1709 3803 tantum
1720 3763 1801 3820 quam

1009 3834 1102 3890 doctus
1122 3834 1165 3901 sit,
1179 3836 1363 3893 consideratur
1373 3836 1512 3893 laudabilis
1524 3839 1638 3909 animus,
1661 3839 1802 3898 sedetiam

1009 3940 1087 3994 qnam
1101 3926 1186 3981 bonus
1202 3941 1208 3979 τ
1224 3941 1278 3981 non
1288 3935 1389 3982 tantum
1402 3927 1464 3998 quid
1480 3929 1630 3985 meminerit
1640 3939 1668 3986 et
1681 3930 1743 4002 quid
1756 3931 1800 3986 in·
1885 3972 1888 3977 -

1009 4015 1126 4084 telligat,
1152 4031 1244 4071 nerum
1272 4018 1351 4072 etiam
1375 4017 1438 4088 quid
1467 4018 1531 4074 relit
1556 4020 1718 4087 attenditur;
1745 4036 1799 4078 neu

1008 4115 1105 4175 quanta
1128 4105 1263 4177 llngramia
1280 4106 1352 4173 relit,
1368 4107 1415 4161 sed
1434 4107 1497 4177 quid
1512 4107 1574 4163 relit
1596 4110 1678 4180 prius,
1702 4109 1800 4169 deinde

1007 4205 1136 4265 quantum
1149 4194 1223 4251 relit'.
1237 4196 1312 4252 Tune
1324 4197 1395 4251 enim
1414 4196 1560 4253 laudandus
1578 4209 1618 4254 ιιι
1632 4201 1737 4257 animus
1750 4217 1798 4259 ne·

1008 4286 1147 4342 lrementer
1170 4302 1273 4353 amaus,
1299 4301 1359 4342 cum
1388 4284 1415 4341 id
1441 4285 1512 4357 quod
1534 4296 1605 4343 amat
1626 4289 1800 4348 uehementer

1007 4373 1149 4430 amandum
1160 4383 1210 4430 est.
1224 4375 1289 4430 Cum
1299 4374 1493 4447 ergodieuntur
1506 4377 1563 4433 ime
1578 4380 1637 4441 tria,
1652 4380 1799 4452 ingenlum‚

1007 4465 1141 4531 doctrina,
1156 4480 1232 4531 usus,
1252 4465 1366 4538 primum
1387 4464 1483 4522 borum
1502 4467 1687 4525 consideratur
1705 4469 1732 4526 in
1746 4469 1800 4527 illis

1009 4556 1101 4621 tribus,
1116 4554 1178 4627 quid
1192 4556 1275 4626 pessit
1288 4556 1400 4627 quisque
1415 4557 1552 4624 memoria,
1572 4557 1758 4631 intelligentia,
1770 4571 1800 4627 ιι

1007 4647 1168 4702 voluntate&
1192 4644 1343 4702 Secundum
1356 4661 1449 4703 eorum
1460 4646 1654 4718 consideratur,
1669 4649 1733 4724 quid
1747 4649 1802 4709 ba·.

1007 4737 1067 4793 beat
1085 4735 1196 4806 quisque
1211 4738 1236 4792 in
1253 4735 1393 4804 memoria,
1413 4746 1440 4792 ct
1454 4737 1646 4809 intelligentia,
1672 4754 1726 4811 quo
1737 4748 1799 4807 etus

1007 4828 1080 4883 diosa
1099 4828 1236 4884 voluntate
1253 4830 1413 4899 pervenerit.
1439 4829 1497 4885 lam
1510 4846 1575 4887 nero
1588 4844 1651 4887 usus
1664 4832 1758 4904 tertius
1770 4833 1798 4900 in
1892 4873 1895 4878 -

1007 4919 1143 4976 voluntate
1165 4927 1217 4984 est,
1240 4927 1419 4991 pertractante
1441 4922 1483 4976 illa
1499 4938 1558 4994 qnae
1580 4924 1607 4978 in
1629 4925 1801 4984 memoriter

1006 5010 1178 5085 intelligentia
1192 5011 1372 5079 conducatur,
1399 5012 1458 5085 sire
1474 5012 1508 5068 ad
1528 5013 1627 5085 aliquid
1642 5030 1674 5072 ea
1688 5016 1799 5084 referat,

1005 5103 1061 5159 sire
1074 5117 1166 5159 eorum
1182 5102 1234 5158 linc
1251 5102 1382 5159 delectata
1397 5105 1579 5184 conquiescat.
1604 5106 1646 5164 llti
1660 5109 1742 5175 euim,
1756 5120 1798 5165 ιιι

1005 5211 1142 5254 assumere
1160 5196 1261 5268 aliquid
1283 5197 1310 5253 in
1330 5196 1483 5254 laenitatem
1500 5199 1670 5257 voluntatis:
1691 5200 1799 5259 lruiest

1005 5299 1104 5362 autem,
1115 5290 1153 5345 uti
1166 5304 1226 5345 cum
1240 5289 1347 5362 gaudio,
1364 5304 1417 5346 non
1430 5289 1518 5347 adbuc
1532 5293 1599 5363 spei,
1619 5291 1666 5347 sed
1676 5292 1795 5362 jamnei.

1005 5380 1119 5436 Proinde
1134 5379 1220 5436 omnis
1235 5381 1279 5451 qni
1291 5381 1398 5458 iruitur,
1415 5378 1513 5448 utitur;
1534 5382 1644 5438 assumit
1660 5382 1731 5437 enlm
1743 5381 1796 5437 ali-

1004 5462 1067 5542 qnid
1081 5469 1266 5527 inlacultatem
1282 5471 1433 5537 voluntatis,
1448 5486 1508 5529 eum
1524 5474 1576 5529 llne
1591 5470 1798 5535 delectationen

1036 5611 1044 5639 ¹
1062 5614 1125 5666 tiss,
1138 5611 1271 5674 qntuntoqne
1281 5604 1362 5673 aerim
1373 5603 1492 5670 intelligit.

1036 5671 1046 5701 ι
1062 5668 1159 5734 septem
1170 5674 1222 5718 uss.
1234 5670 1355 5728 ornnttmm,
1366 5664 1521 5732 nnetdqnntn
1531 5673 1554 5718 et
1566 5663 1690 5733 intentante.
