3938 6360
1201 262 1203 267 Ι
1455 230 1500 247 ,,
1522 232 1561 266 Γ.

97 303 148 373 iot
683 288 784 363 lunen
804 299 951 375 Qutn'rus
970 288 1126 360 ustnuus'.
1681 284 1735 360 eos

95 425 248 486 stenvelt
259 423 400 481 aeluuam.
413 421 443 478 st
453 438 522 495 erpo,
534 420 628 493 linquit,
639 423 684 477 snb
695 421 783 493 pertriti
792 422 887 490 positus
943 418 1123 489 temporaliter
1140 417 1270 477 soluitur:
1285 415 1332 473 sed
1353 416 1443 473 timeto
1458 413 1628 472 maledictum
1652 417 1732 487 spiri-

23 518 24 523 ’
94 496 344 591 repercuteretur
353 514 468 579 odorere,
483 523 506 569 et
518 529 574 568 curn
589 513 713 582 restitero,
726 514 888 570 nmtedietnm
942 509 1020 565 tuulis
1039 509 1152 575 mortis,
1173 523 1220 580 per
1235 508 1305 580 quod
1320 509 1408 564 arsinoa
1430 509 1455 564 in
1469 517 1597 565 retentum
1610 521 1672 564 cum
1685 511 1735 564 'suo

96 604 144 661 hoe
163 614 286 671 metuens,
304 603 396 677 jubeor
409 602 539 673 erscipipi,
556 603 584 657 in
596 601 668 658 otind
686 604 741 674 eins
761 602 890 658 incurram
941 616 1054 672 corpore
1066 601 1209 656 cruciatur.
1229 601 1299 657 Eece
1322 615 1375 656 non
1397 608 1438 656 cst
1457 597 1601 654 articularis
1621 597 1734 677 maledi·

94 694 273 762 misdictum,
287 693 355 766 quod
364 693 483 748 odoersns
495 708 551 747 enm
562 692 728 765 deprompsit,
741 695 784 764 qni
798 691 890 762 pendet
941 692 1013 760 ctio,
1029 690 1077 747 sed
1092 689 1246 762 prophetica
1261 688 1415 761 prmdietio,
1430 688 1582 767 diotedietus
1593 687 1675 752 omneis
1691 686 1735 756 qrti

81 785 123 863 ¹in
132 785 212 859 tipno.
221 784 275 842 Vos
287 784 395 856 quidem
407 783 497 840 nullus
509 798 555 841 rex
570 784 677 855 gentilis
689 784 887 855 cogit-adorare
942 782 1032 851 pendet
1044 781 1070 836 in
1085 781 1164 854 donn.
1174 781 1219 838 Sic
1230 780 1301 837 cuim
1316 780 1402 836 aniert
1413 781 1536 837 Citristus
1548 779 1582 837 de
1592 764 1733 836 maledicto

94 876 191 945 solem,
202 875 273 947 quod
287 890 336 934 uec
348 875 405 946 ipse
415 875 455 930 sol
465 883 584 946 cogeret,
598 875 621 932 si
635 875 661 932 in
673 884 744 931 terra
754 885 889 947 regnaret,
941 871 1123 939 tttaledictum,
1136 872 1318 951 quomodote
1332 881 1418 952 morte
1430 881 1562 940 mortem,
1578 871 1612 927 de
1624 864 1734 942 peceato

97 966 159 1038 quia
172 981 223 1023 neo
232 980 303 1022 nnuc
315 980 331 1021 a
343 965 419 1022 uobis
433 965 485 1023 hoe
499 966 555 1021 nult
567 965 693 1022 berissed
702 965 772 1022 sicut
780 965 890 1022 Creator
941 972 1089 1032 peceatum.
1099 962 1216 1033 sicergo
1227 979 1279 1017 mm
1291 961 1484 1032 blasphemavit
1494 961 1598 1033 Moyses
1608 952 1733 1029 dicendo,

95 1055 152 1127 ipse
170 1055 267 1126 impios
283 1054 512 1127 blasphematores
531 1069 595 1111 suos
616 1070 699 1126 usque
714 1054 751 1110 ad·
760 1054 890 1126 justicium
942 1050 1094 1108 ltnledietns
1112 1053 1194 1107 ontrnis
1211 1051 1255 1123 qni
1276 1053 1366 1123 pendet
1381 1053 1407 1106 in
1421 1051 1489 1124 lipom
1506 1050 1665 1123 :quomodo
1679 1054 1733 1107 noh

93 1147 218 1212 sustinet,
231 1148 270 1203 sic
277 1157 304 1204 et
317 1148 373 1217 ipsa
385 1147 503 1203 coelestin
512 1146 626 1203 tolerunt
640 1162 723 1203 nanos
735 1147 890 1206 adoratores
941 1143 1191 1215 blasphemaverunt
1200 1144 1453 1214 bpostolidicemlo,
1464 1143 1623 1200 diottnssest
1634 1124 1732 1219 (Πίον.

95 1252 160 1294 suos
175 1237 300 1310 usquead
311 1236 440 1308 judicium
452 1236 585 1293 creatoris
602 1237 643 1292 sui
654 1235 703 1306 (o).
717 1236 817 1293 'lamen
834 1252 891 1294 mo·
941 1250 968 1300 ι,
981 1235 1025 1300 ll,
1041 1233 1101 1307 15);
1113 1245 1149 1298 et,
1165 1221 1240 1290 i'etns
1251 1235 1325 1288 inemo
1336 1243 1418 1289 trotter
1428 1235 1543 1304 contens
1551 1242 1588 1288 est
1600 1234 1668 1289 eruci
1677 1250 1735 1289 curn

93 1336 214 1389 meritone
231 1325 410 1384 Clrristinnum
425 1341 514 1398 regem
531 1341 584 1382 uon
602 1340 680 1396 posse
694 1340 789 1398 cogere
803 1335 831 1384 ut
849 1328 890 1385 sol
940 1327 985 1381 itto
996 1326 1084 1399 (iloto.
1098 1343 1134 1393 rt,
1148 1327 1193 1397 iil:
1215 1335 1256 1394 ct,
1273 1324 1312 1382 tte
1334 1335 1435 1398 perroto
1453 1325 1581 1380 domnnuit
1605 1336 1735 1397 perentam

94 1418 230 1475 adoretur.
245 1418 282 1474 lte
290 1417 382 1489 perutili
394 1408 469 1472 enim
476 1431 538 1487 rege
546 1416 696 1487 exemplum
705 1416 818 1474 Faustus
829 1431 890 1488 pro·
942 1414 996 1490 (ld.
1008 1430 1064 1481 eru,
1076 1416 1103 1488 ὅ)
1114 1433 1121 1484 ;
1133 1425 1170 1484 ct,
1183 1415 1249 1470 Enrn
1263 1416 1305 1487 qni
1317 1433 1367 1471 non
1382 1426 1483 1471 nouerat
1494 1425 1634 1487 petentum,
1645 1431 1736 1486 pecco·

93 1508 199 1581 posuit,
212 1508 300 1565 sciens
313 1506 432 1579 proiecto
444 1505 477 1563 ad
491 1505 612 1563 Gentiles
622 1506 755 1578 pertinere
767 1506 838 1578 quod
849 1506 889 1563 ia·
941 1515 994 1585 turm
1005 1508 1132 1580 promotis
1147 1507 1206 1576 tecit
1220 1506 1254 1580 (ll
1263 1506 1321 1562 Cor.
1334 1524 1359 1575 r,
1370 1506 1416 1579 nt)
1427 1522 1434 1574 ;
1446 1507 1561 1563 etmulta
1570 1506 1732 1578 huiusmodi.

93 1599 164 1666 citis,
179 1613 240 1654 eum
253 1597 339 1655 sulem
356 1597 483 1654 adoratis.
497 1595 556 1653 Nou
568 1606 610 1654 est
627 1612 690 1668 ergo
702 1597 753 1653 bue
764 1595 889 1653 christin-
939 1596 995 1653 l'os
1009 1606 1097 1652 nutem
1111 1611 1172 1652 curn
1187 1596 1302 1665 horpetis
1315 1596 1485 1651 tnaledietum
1500 1595 1651 1663 Christum,
1666 1595 1734 1650 ianm·

93 1704 175 1744 nutu:
189 1688 236 1744 sed
254 1687 350 1760 ubique
357 1689 413 1759 jmn
426 1686 520 1759 perdix
532 1703 630 1744 nomen
641 1686 739 1745 Christi
757 1689 846 1760 pouit,
861 1697 890 1746 ut
941 1671 1005 1742 titini
1017 1701 1065 1743 ros
1080 1685 1190 1742 horrere
1200 1695 1314 1742 mortem
1325 1684 1434 1741 Christi.
1445 1685 1496 1741 b'bt
1509 1694 1619 1755 apparet
1631 1693 1733 1752 vestm,

93 1785 236 1850 emmisset
243 1793 303 1849 qum
311 1794 364 1835 trun
374 1777 476 1849 peperit
484 1774 589 1847 (teme.
597 1792 662 1845 xmt,
675 1774 731 1848 li).
745 1776 838 1833 Videte
851 1785 890 1833 tn·
940 1793 993 1832 nun
1006 1778 1148 1834 articularis
1163 1777 1332 1845 maledictio,
1356 1776 1404 1832 sed
1426 1775 1555 1831 diabolica
1577 1774 1732 1841 simulatio,

93 1884 243 1940 ntcnquam
258 1868 336 1927 tacite
350 1867 637 1940 responsoriorum,
651 1877 755 1927 essene
769 1868 889 1927 doctrina
940 1867 986 1938 qui
1008 1879 1121 1924 mortem
1143 1866 1242 1926 Christi
1265 1866 1400 1937 eorporis,
1416 1867 1512 1921 antimo
1531 1874 1626 1921 vestrm
1647 1873 1734 1921 morte

93 1975 172 2030 uuam
184 1950 889 2032 iaeiledisrumpatbmteteshuoumstiuuistauouam
939 1974 993 2016 uon
1014 1960 1132 2016 creditis.
1147 1960 1233 2030 Quam
1254 1968 1343 2015 tamen
1364 1968 1477 2014 ntorteru
1497 1957 1595 2014 Christi
1617 1972 1670 2012 non
1686 1972 1734 2012 re·

93 2048 274 2107 inevitabilem
284 2059 311 2106 et
322 2049 458 2120 bicipitem
470 2049 604 2121 huncum.
616 2048 686 2106 Ecce
698 2047 826 2106 iaciamus
838 2050 890 2107 all-
939 2064 1009 2116 rum,
1023 2048 1071 2105 sed
1084 2049 1235 2105 simulatam
1250 2048 1367 2104 suadetis
1379 2065 1385 2100 :
1400 2049 1473 2118 quasi
1488 2062 1542 2102 non
1554 2046 1673 2103 audeatis
1685 2063 1735 2120 per

92 2157 170 2213 quero
178 2151 308 2198 armatum
317 2141 388 2213 regia
402 2150 534 2212 potestate
542 2140 700 2198 comminari
708 2141 810 2197 bomini
818 2140 890 2198 chri·
940 2155 1037 2196 nomeu
1053 2127 1228 2196 christianum
1241 2140 1363 2196 liutrrines
1377 2138 1478 2206 tallere,
1493 2138 1545 2195 nisi
1556 2140 1643 2210 ipsum
1656 2141 1733 2197 Chri·

92 2233 191 2300 stinno,
201 2233 260 2287 utsi
274 2231 359 2288 solem
371 2229 616 2296 adorarenoluerit,
627 2229 806 2302 suspendatur
815 2231 842 2287 in
854 2231 888 2286 li·
939 2240 1008 2288 stum
1022 2230 1176 2303 nnapisttmu
1192 2229 1302 2286 inllucise
1314 2224 1426 2287 lucbttis.

96 2337 159 2393 gno.
173 2323 201 2379 Si
213 2321 399 2388 declinavero,
414 2321 521 2393 inquis,
534 2320 725 2389 ntaiedictum,
747 2319 820 2391 quod
833 2318 889 2378 Lex
974 2320 1086 2379 cntb't
1104 2319 1173 2377 hill.
1192 2351 1229 2364 -
1246 2321 1321 2390 Quod
1333 2330 1422 2377 autern
1435 2320 1540 2379 itrtidus
1563 2322 1734 2379 conficientia

11 2401 15 2407 ’
91 2411 325 2484 prompsitiusulis
334 2412 513 2479 adoratorem,
525 2410 639 2467 incidam
649 2410 676 2467 iu
688 2409 831 2482 illudqnod
844 2426 889 2469 eu·
939 2413 981 2469 sel
997 2413 1141 2486 sirpiuitati
1160 2413 1259 2471 samso
1278 2413 1382 2486 ilupses
1405 2414 1478 2469 risus
1500 2421 1552 2483 est,
1572 2414 1634 2487 quia
1654 2414 1731 2483 dixit,

91 2503 152 2560 dem
169 2505 223 2562 lex
239 2504 371 2577 prompsit
381 2503 406 2558 in
419 2518 479 2560 eum
493 2503 538 2574 qui
552 2500 710 2575 pependerit
718 2502 745 2557 in
756 2502 836 2573 ligno.
851 2500 888 2557 lta
940 2504 1306 2577 iloledietnsomnistprinon
1323 2505 1477 2560 smeitnrerit
1494 2521 1579 2561 umen
1598 2505 1626 2560 in
1647 2503 1733 2561 inest
1783 2499 1786 2503 ’

91 2610 156 2652 uero
168 2594 318 2652 turbaberis
331 2612 338 2651 ι
351 2593 399 2651 sed
415 2603 452 2660 tn,
469 2593 522 2649 imo
535 2607 585 2649 uec
597 2599 642 2661 tu,
656 2592 701 2663 qui
711 2602 738 2648 et
752 2591 829 2648 nullo
843 2606 888 2647 eo-
939 2595 1028 2666 (Dent.
1041 2611 1105 2663 xxv,
1122 2596 1165 2668 i);
1183 2596 1272 2667 legant
1288 2595 1384 2653 batam
1398 2597 1569 2664 clarmontem,
1587 2594 1650 2655 tter
1671 2595 1735 2651 dicit

91 2696 170 2759 gentle
188 2686 285 2742 adoras
306 2686 401 2742 sulem.
423 2685 458 2740 tlt
473 2700 537 2741 sero
550 2682 719 2748 Christianus
740 2681 889 2738 aedillcatns
938 2685 1063 2741 Dotrtt'nut
1078 2685 1231 2757 spadonibus
1244 2686 1359 2740 orttrtiins
1376 2685 1447 2754 :Qnt'
1465 2687 1647 2743 edomuerint
1663 2701 1732 2759 pta·

91 2793 174 2849 super
195 2776 395 2834 inindumentum
423 2774 615 2846 Apostolorum
641 2784 668 2830 ct
692 2774 887 2846 Prophetarum
939 2786 1010 2848 cepto
1032 2792 1099 2842 renen,
1112 2785 1135 2829 et
1153 2776 1273 2847 eteperint
1296 2791 1352 2844 qne
1370 2791 1415 2846 epo
1434 2776 1510 2842 soto,
1524 2784 1549 2831 et
1570 2775 1736 2835 custodierint

92 2865 199 2939 (Epiros.
207 2864 299 2938 mid),
309 2864 422 2921 nttctndit
434 2864 552 2935 singulas
564 2870 668 2931 musas,
680 2873 707 2920 et
717 2864 819 2938 singulo
831 2880 887 2921 nto·
939 2877 1112 2924 testotnentnm
1125 2883 1225 2932 mennr,·
1238 2866 1303 2921 dubo
1317 2866 1370 2921 iliis
1380 2867 1407 2921 in
1423 2868 1498 2922 donno
1510 2883 1567 2923 oreo
1579 2878 1605 2922 et
1618 2869 1645 2922 in
1661 2884 1735 2925 struto

91 2957 186 3027 lmlictu
199 2975 206 3012 ε
221 2956 293 3014 ridet
315 2970 396 3012 unum
422 2956 556 3027 pertinere
579 2953 614 3011 ad
636 2969 734 3026 eorpus
757 2955 884 3022 mortale,
938 2975 993 3014 neten
1003 2957 1085 3013 locum
1099 2958 1274 3023 nonninotnm,
1293 2957 1420 3012 meliorem
1433 2959 1545 3028 filiomm
1559 2967 1583 3013 et
1596 2958 1734 3029 filiorum:

91 3046 164 3119 quud
178 3048 248 3117 ligno
258 3045 445 3117 suspenditur;
459 3045 574 3100 alterum
588 3043 621 3098 atl
634 3044 765 3110 anuinium,
779 3059 833 3115 ouo
846 3044 887 3100 sol
939 3064 1028 3104 nomen
1040 3057 1160 3103 tuternnrn
1169 3038 1237 3101 'derio
1251 3045 1313 3114 iliis,
1334 3057 1357 3102 et
1374 3064 1424 3102 non
1437 3048 1515 3103 deerit
1527 3049 1577 3105 iltis
1586 3048 1661 3123 (leni.
1673 3067 1731 3118 uri,

92 3135 228 3192 adoratur.
243 3135 301 3191 Etsi
314 3135 386 3192 euim
402 3149 500 3207 corpus
521 3133 665 3190 inclinatur
683 3134 710 3190 in
730 3133 884 3202 adorando,
938 3137 968 3206 t,
980 3136 1019 3210 5).
1035 3137 1087 3192 hut
1099 3137 1121 3190 si
1135 3137 1297 3193 eotntranum
1311 3145 1405 3207 putant
1419 3136 1512 3193 lsainrn
1526 3137 1625 3210 lloysl,
1638 3138 1682 3195 hie
1694 3141 1734 3195 eis

92 3225 199 3282 animus
222 3234 310 3281 tannen
334 3234 380 3280 aut
404 3223 469 3280 colit
491 3223 562 3295 quod
584 3222 694 3293 adorat,
719 3232 765 3280 ant
792 3223 885 3295 hugit;
938 3216 1641 3299 placeat,siilledisplicet31ronestparutrt'udrersus
1656 3230 1732 3288 istos.

92 3325 234 3386 utrumque
246 3323 334 3372 autem
350 3304 531 3386 perniciosum
553 3321 604 3368 est.
624 3312 794 3384 Quapropter
815 3328 884 3385 quo·
938 3317 1019 3374 Nobis
1033 3318 1103 3374 enim
1117 3318 1214 3374 sentiscit
1226 3319 1294 3374 scire
1307 3333 1388 3374 unum
1412 3320 1493 3376 licum
1507 3321 1625 3378 loentum
1641 3330 1669 3378 ct
1685 3339 1733 3394 per

93 3407 166 3462 niatu
180 3404 350 3461 maledicttmt
366 3405 602 3475 inutroquemors
614 3401 719 3469 meruit,
735 3401 887 3459 sicutnrurs
938 3406 1243 3481 lioyseuctperlsaiam
1258 3424 1265 3462 :
1280 3409 1733 3485 etmeledictumesseomnemqui
1789 3448 1791 3453 .

93 3505 135 3553 est
146 3496 265 3568 eorporis
277 3497 304 3552 in
317 3496 389 3567 ligeto
412 3493 541 3568 pendere,
555 3495 591 3550 ita
606 3507 678 3549 mors
692 3493 775 3551 anistri
787 3503 828 3551 cst
843 3508 887 3550 so·
937 3513 992 3555 non
998 3498 1166 3553 suscitaverit
1176 3512 1267 3553 semen
1276 3497 1304 3553 in
1313 3497 1405 3565 lsrael,
1414 3499 1470 3556 sire
1486 3509 1559 3567 tune,
1569 3502 1734 3573 cumpopulo

93 3586 146 3643 lem
168 3586 289 3644 adorare.
313 3584 472 3657 Eligendum
495 3593 537 3642 est
559 3584 639 3656 igitur
663 3581 834 3640 maledictum
859 3583 885 3639 in
937 3589 1083 3648 secusdum
1102 3604 1210 3645 earnem
1232 3590 1401 3662 propagando
1423 3591 1502 3646 etiam
1521 3592 1635 3649 carnalis
1651 3594 1735 3664 prolis

77 3677 213 3757 'corporis
230 3687 329 3745 intorte,
351 3691 405 3748 quo
426 3675 568 3732 maledicto
586 3683 613 3731 ct
635 3674 722 3746 ipsum
742 3688 840 3748 corpus
859 3675 886 3731 iu
937 3679 1057 3753 operatio
1071 3678 1097 3734 in
1111 3677 1242 3752 conjungati
1261 3681 1383 3736 castitate
1404 3680 1437 3736 ad
1458 3681 1576 3738 oihcium
1593 3683 1731 3740 ciricum¹

94 3766 290 3825 resurreetione
312 3766 490 3825 liberabitur:
504 3764 675 3822 devitandum
692 3773 781 3820 autem
803 3764 886 3822 male·
937 3771 1104 3843 pertinebat:
1120 3770 1177 3828 site
1197 3785 1277 3836 stunc,
1293 3772 1480 3844 nequisquam
1496 3773 1668 3845 spiritualiter
1684 3791 1733 3831 tta·

94 3858 193 3916 dictum
208 3859 236 3915 in
251 3859 347 3915 anime
358 3868 455 3925 morte,
465 3872 500 3914 ne
510 3872 570 3914 curn
583 3872 632 3924 suo
643 3852 756 3929 corpore
768 3856 794 3913 in
808 3866 887 3913 mter·
938 3869 991 3929 tus,
1004 3870 1079 3934 putet
1090 3859 1141 3917 sibi
1157 3860 1255 3918 debere
1271 3860 1403 3934 sullicene,
1424 3879 1475 3920 nce
1493 3863 1573 3922 instet
1593 3864 1734 3924 dominicis

95 3951 131 4005 no
153 3951 214 4023 igue
234 3950 385 4009 damnetur.
410 3948 486 4006 llanc
508 3950 579 4005 cuim
605 3948 781 4021 ernestionem
808 3947 886 4006 nobis
937 3954 1029 4020 lucris,
1047 3954 1142 4025 ouibus
1158 3952 1271 4026 quisque
1292 3953 1467 4026 promodulo
1492 3971 1542 4014 suo
1564 3957 1733 4029 predicando

96 4043 223 4100 ὓοιιιίιιιιι
235 4044 327 4112 soleit,
341 4043 433 4101 dicens
449 4062 456 4099 :
474 4043 561 4099 h'ottte
576 4045 662 4100 tionem
679 4060 721 4099 eos
739 4045 783 4115 qni
795 4061 886 4116 corpur
938 4044 1085 4113 Citristum,
1100 4045 1178 4102 debet
1192 4061 1322 4117 gertcmrc
1340 4046 1509 4105 christianos.
1527 4046 1565 4105 lta
1582 4049 1627 4106 illa
1643 4050 1733 4107 diuina

95 4134 221 4201 occidunt,
236 4135 347 4189 ortirnom
360 4144 444 4190 ostem
454 4150 504 4189 non
515 4143 619 4205 possuntt
629 4133 761 4189 occidere:
773 4135 816 4187 scd
830 4149 887 4187 enm
938 4137 1069 4194 sententio
1080 4146 1199 4208 tempora
1212 4137 1349 4208 utrimque
1361 4137 1525 4195 Testamenti
1540 4140 1606 4196 min
1614 4141 1733 4197 brevies.

96 4225 178 4278 timete
186 4224 229 4296 qni
241 4224 313 4277 leniet
324 4231 471 4293 potestatem
482 4231 505 4277 et
515 4223 626 4276 ottimnrn
637 4230 661 4275 et
673 4237 765 4293 corpus
775 4223 888 4277 occidero
939 4237 966 4284 te
979 4227 1184 4297 complectitur,
1199 4227 1353 4284 dinledictns
1366 4230 1447 4284 onmis
1460 4230 1504 4301 qni
1515 4246 1566 4287 non
1576 4231 1735 4290 meritoeerit

96 4313 123 4366 in
136 4315 274 4383 pedetentim
287 4312 353 4383 ipnt‘t
371 4312 486 4382 (ilottlr.
497 4327 525 4378 Χ,
538 4310 573 4367 28
583 4310 604 4383 )·
616 4310 753 4382 Tnttquann
765 4311 886 4380 diceret,
939 4335 1022 4374 sennem
1036 4320 1062 4373 im
1078 4316 1170 4373 Israel.

98 4400 184 4459 Nolite
207 4405 301 4462 titurcre
325 4404 495 4462 maledictum
517 4404 663 4476 corporalis
686 4405 793 4470 intortis,
816 4404 887 4476 quud
972 4448 1073 4500 ,mmo
1092 4454 1166 4509 m,
1183 4445 1329 4522 ,domm
1341 4451 1480 4518 mmm
1501 4459 1528 4506 p,
1542 4459 1597 4506 Q,
1615 4465 1670 4506 mm
1682 4464 1734 4508 pm,

195 4554 198 4558 -
940 4518 967 4582 et
983 4510 1077 4571 tir.,od
1088 4508 1193 4574 officinm
1208 4507 1319 4574 doemon,
1336 4511 1443 4576 mem,
1463 4522 1515 4581 stu,
1532 4519 1565 4567 nn
1582 4515 1688 4582 officim
1698 4517 1735 4572 α’.

128 4581 165 4645 (ιι)
178 4588 194 4631 ιι
204 4586 316 4645 neem,
325 4593 375 4646 cap.
388 4582 414 4644 t,
425 4581 486 4633 mli.
940 4582 1013 4621 count.

384 4768 620 4932 utnnn
661 4813 1010 4950 outnnuu
1051 4812 1427 4924 uncturus,

38 5132 41 5139 ,
132 5099 245 5157 chnut
268 5096 400 5156 entutttt
418 5127 453 5139 -
482 5097 612 5154 Fausrus.
626 5094 692 5151 dixit
708 5093 816 5160 :Quare
837 5110 890 5150 reon
945 5088 1123 5148 inrohisnou
1139 5092 1193 5139 tam
1204 5081 1333 5156 repletur,
1354 5099 1434 5156 ouum
1453 5090 1651 5162 eorrumpitor3
1675 5092 1738 5162 quta

100 5191 218 5261 accipitis
231 5189 430 5245 Testamentum
445 5185 548 5243 hctusi
559 5186 626 5253 Quia
647 5193 674 5240 et
685 5198 765 5239 sintne
776 5198 822 5238 uas
833 5182 890 5255 ple·
944 5190 972 5238 et
987 5192 1060 5236 sema
1073 5189 1136 5233 rasa
1157 5189 1291 5245 antiquam
1304 5174 1339 5231 de
1349 5175 1472 5233 dissimili
1495 5178 1638 5251 implentur
1655 5192 1738 5238 mate·

101 5296 165 5336 uum
176 5277 315 5349 supe-lusa
328 5292 382 5333 nou
392 5275 496 5346 recipit,
505 5274 552 5332 sed
562 5273 674 5331 edundis
687 5289 695 5327 z
706 5282 733 5329 et
739 5271 891 5328 stomachus
943 5272 993 5342 ria,
1005 5267 1052 5327 sed
1064 5265 1098 5323 de
1112 5264 1206 5323 eadem
1218 5278 1250 5320 ae
1264 5265 1314 5321 sibi
1331 5266 1425 5336 simili,
1438 5276 1467 5324 ut
1477 5270 1531 5327 riui
1546 5272 1628 5341 elno,
1650 5276 1738 5331 nneltis

102 5380 177 5427 satur
188 5369 274 5440 rejicit
287 5369 399 5439 inspecta.
413 5366 528 5425 Proinde
537 5376 564 5423 et
576 5363 661 5422 iudei
672 5380 703 5421 es
720 5377 891 5435 praeuccupa-
945 5361 1041 5427 melle,
1053 5367 1081 5416 et
1094 5357 1163 5415 aceti
1174 5365 1252 5415 aceto
1266 5374 1273 5415 t
1287 5357 1385 5428 quibus
1394 5360 1421 5416 si
1432 5359 1571 5419 dissimilia
1586 5374 1613 5421 et
1627 5380 1680 5421 non
1695 5367 1737 5420 sni

97 4727 251 4742 ...ι-...1

101 5461 173 5517 tione
184 5459 487 5532 llopseoslestamento
507 5456 594 5513 Veteri
611 5454 718 5522 sabati,
733 5462 892 5524 respuerunt
943 5450 1050 5524 poneris
1061 5447 1255 5520 superfundas,
1270 5457 1297 5502 ut
1313 5448 1385 5505 melli
1395 5448 1447 5517 iel,
1465 5461 1493 5508 et
1505 5467 1601 5524 aquam
1615 5455 1694 5520 vino,
1709 5464 1738 5510 et

102 5552 203 5615 liceum
218 5569 226 5608 ε
239 5560 266 5610 et
279 5565 329 5606 nos
344 5566 378 5607 en
391 5550 490 5607 christi
502 5549 683 5620 proventione
696 5545 771 5603 Nouo
785 5544 889 5613 retesti,
943 5549 1124 5611 acescentem
1137 5551 1192 5593 nou
1204 5537 1317 5608 repletio
1331 5540 1471 5597 uocabitur
1483 5541 1556 5609 buc,
1567 5543 1614 5600 sed
1632 5544 1735 5599 ndnrlte·

102 5644 251 5715 respuimus
264 5641 358 5698 ietus.
374 5640 429 5697 hos
444 5640 504 5696 ideo
518 5650 659 5711 utrumque
682 5636 817 5708 aecipite,
830 5635 892 5707 spuria
944 5633 1024 5688 rium.
1040 5629 1176 5699 decerno
1187 5641 1266 5685 eausa
1276 5636 1328 5696 est,
1339 5630 1411 5687 nunde
1423 5646 1475 5688 nus
1488 5647 1580 5703 parurn
1590 5635 1737 5704 accipiuntur

104 5734 131 5790 ht
144 5741 239 5789 neutro
251 5730 316 5787 estis
328 5728 409 5800 pleri,
423 5728 471 5786 sed
485 5728 551 5786 semi
566 5727 751 5783 :alterumnue
760 5741 794 5784 ex
808 5727 892 5785 alteru
947 5724 1147 5782 insanientum
1161 5718 1241 5777 l'etus
1254 5735 1261 5773 τ
1276 5724 1374 5791 etquis
1387 5721 1504 5779 Ecclesia
1522 5733 1622 5791 nostm,
1638 5739 1735 5795 sponsa
