<?xml version="1.0" encoding="UTF-8"?>
<!DOCTYPE html PUBLIC "-//W3C//DTD XHTML 1.0 Transitional//EN"
    "http://www.w3.org/TR/xhtml1/DTD/xhtml1-transitional.dtd">
<html xmlns="http://www.w3.org/1999/xhtml" xml:lang="en" lang="en">
 <head>
  <title>
</title>
<meta http-equiv="Content-Type" content="text/html;charset=utf-8" />
  <meta name='ocr-system' content='tesseract 3.04.00' />
  <meta name='ocr-capabilities' content='ocr_page ocr_carea ocr_par ocr_line ocrx_word'/>
</head>
<body>
  <div class='ocr_page' id='page_1' title='image "./sanctiaureliiau03augugoog/sanctiaureliiau03augugoog_0554.png"; bbox 0 0 3938 6360; ppageno 0'>
   <div class='ocr_carea' id='block_1_1' title="bbox 240 220 317 331">
    <p class='ocr_par' dir='ltr' id='par_1_1' title="bbox 240 220 317 331">
     <span class='ocr_line' id='line_1_1' title="bbox 240 220 317 331; baseline 0.065 -32"><span class='ocrx_word' id='word_1_1' title='bbox 240 220 317 331; x_wconf 54' lang='lat' dir='ltr'>&#39;utut</span> 
     </span>
    </p>
   </div>
   <div class='ocr_carea' id='block_1_2' title="bbox 158 353 1041 2707">
    <p class='ocr_par' dir='ltr' id='par_1_2' title="bbox 158 353 1041 2707">
     <span class='ocr_line' id='line_1_2' title="bbox 249 353 1032 441; baseline -0.014 -21"><span class='ocrx_word' id='word_1_2' title='bbox 249 365 291 433; x_wconf 66' lang='lat' dir='ltr'>sel</span> <span class='ocrx_word' id='word_1_3' title='bbox 304 360 484 435; x_wconf 75' lang='lat' dir='ltr'>intelligentia</span> <span class='ocrx_word' id='word_1_4' title='bbox 497 369 595 416; x_wconf 84' lang='lat' dir='ltr'>troslrtc</span> <span class='ocrx_word' id='word_1_5' title='bbox 612 359 718 424; x_wconf 87' lang='lat' dir='ltr'>adsunt,</span> <span class='ocrx_word' id='word_1_6' title='bbox 734 370 874 441; x_wconf 74' lang='lat' dir='ltr'>pessumus</span> <span class='ocrx_word' id='word_1_7' title='bbox 889 353 1032 423; x_wconf 83' lang='lat' dir='ltr'>utcumque</span> 
     </span>
     <span class='ocr_line' id='line_1_3' title="bbox 248 443 1031 524; baseline -0.018 -16"><span class='ocrx_word' id='word_1_8' title='bbox 248 448 405 524; x_wconf 79' lang='lat' dir='ltr'>conspicere</span> <span class='ocrx_word' id='word_1_9' title='bbox 419 470 425 506; x_wconf 92' lang='lat'>:</span> <span class='ocrx_word' id='word_1_10' title='bbox 437 466 612 522; x_wconf 76' lang='lat' dir='ltr'>cavereque</span> <span class='ocrx_word' id='word_1_11' title='bbox 624 450 730 511; x_wconf 88' lang='lat' dir='ltr'>absunt,</span> <span class='ocrx_word' id='word_1_12' title='bbox 744 454 771 501; x_wconf 84' lang='lat' dir='ltr'>et</span> <span class='ocrx_word' id='word_1_13' title='bbox 784 457 870 499; x_wconf 91' lang='lat' dir='ltr'>tamen</span> <span class='ocrx_word' id='word_1_14' title='bbox 882 443 1031 507; x_wconf 87' lang='lat' dir='ltr'>adluerunt,</span> 
     </span>
     <span class='ocr_line' id='line_1_4' title="bbox 250 524 1034 615; baseline -0.011 -18"><span class='ocrx_word' id='word_1_15' title='bbox 250 524 296 615; x_wconf 81' lang='lat' dir='ltr'>per</span> <span class='ocrx_word' id='word_1_16' title='bbox 310 545 464 601; x_wconf 77' lang='lat' dir='ltr'>memoriam</span> <span class='ocrx_word' id='word_1_17' title='bbox 476 543 618 607; x_wconf 84' lang='lat' dir='ltr'>uenimus,</span> <span class='ocrx_word' id='word_1_18' title='bbox 635 556 693 611; x_wconf 84' lang='lat' dir='ltr'>quae</span> <span class='ocrx_word' id='word_1_19' title='bbox 706 538 782 594; x_wconf 90' lang='lat' dir='ltr'>obliti</span> <span class='ocrx_word' id='word_1_20' title='bbox 796 551 848 593; x_wconf 91' lang='lat' dir='ltr'>nou</span> <span class='ocrx_word' id='word_1_21' title='bbox 865 551 968 591; x_wconf 87' lang='lat' dir='ltr'>sumus.</span> <span class='ocrx_word' id='word_1_22' title='bbox 980 534 1034 589; x_wconf 88' lang='lat' dir='ltr'>Nec</span> 
     </span>
     <span class='ocr_line' id='line_1_5' title="bbox 249 627 1033 707; baseline -0.015 -15"><span class='ocrx_word' id='word_1_23' title='bbox 249 654 281 692; x_wconf 84' lang='lat' dir='ltr'>nrt</span> <span class='ocrx_word' id='word_1_24' title='bbox 297 637 393 692; x_wconf 86' lang='lat' dir='ltr'>interis</span> <span class='ocrx_word' id='word_1_25' title='bbox 405 635 548 707; x_wconf 74' lang='lat' dir='ltr'>preterita,</span> <span class='ocrx_word' id='word_1_26' title='bbox 570 633 617 690; x_wconf 87' lang='lat' dir='ltr'>sed</span> <span class='ocrx_word' id='word_1_27' title='bbox 633 632 717 686; x_wconf 88' lang='lat' dir='ltr'>lutura</span> <span class='ocrx_word' id='word_1_28' title='bbox 734 646 765 684; x_wconf 80' lang='lat' dir='ltr'>eu</span> <span class='ocrx_word' id='word_1_29' title='bbox 790 627 953 699; x_wconf 75' lang='lat' dir='ltr'>preteritis,</span> <span class='ocrx_word' id='word_1_30' title='bbox 981 640 1033 681; x_wconf 93' lang='lat' dir='ltr'>neu</span> 
     </span>
     <span class='ocr_line' id='line_1_6' title="bbox 248 716 1034 795; baseline -0.015 -15"><span class='ocrx_word' id='word_1_31' title='bbox 248 741 339 783; x_wconf 89' lang='lat' dir='ltr'>tamen</span> <span class='ocrx_word' id='word_1_32' title='bbox 359 726 434 782; x_wconf 89' lang='lat' dir='ltr'>llrrua</span> <span class='ocrx_word' id='word_1_33' title='bbox 457 726 606 795; x_wconf 69' lang='lat' dir='ltr'>cognitione</span> <span class='ocrx_word' id='word_1_34' title='bbox 628 721 794 792; x_wconf 82' lang='lat' dir='ltr'>conjicimus.</span> <span class='ocrx_word' id='word_1_35' title='bbox 818 718 883 773; x_wconf 83' lang='lat' dir='ltr'>Natu</span> <span class='ocrx_word' id='word_1_36' title='bbox 908 716 1034 787; x_wconf 82' lang='lat' dir='ltr'>qutasdam</span> 
     </span>
     <span class='ocr_line' id='line_1_7' title="bbox 247 800 1034 889; baseline -0.018 -16"><span class='ocrx_word' id='word_1_37' title='bbox 247 800 428 889; x_wconf 76' lang='lat' dir='ltr'>cogitationes</span> <span class='ocrx_word' id='word_1_38' title='bbox 449 828 571 880; x_wconf 86' lang='lat' dir='ltr'>nostras,</span> <span class='ocrx_word' id='word_1_39' title='bbox 585 830 650 885; x_wconf 77' lang='lat' dir='ltr'>atras</span> <span class='ocrx_word' id='word_1_40' title='bbox 668 812 768 867; x_wconf 88' lang='lat' dir='ltr'>laturas</span> <span class='ocrx_word' id='word_1_41' title='bbox 782 809 854 865; x_wconf 85' lang='lat' dir='ltr'>uelut</span> <span class='ocrx_word' id='word_1_42' title='bbox 869 804 1034 862; x_wconf 86' lang='lat' dir='ltr'>rnauilcstlus</span> 
     </span>
     <span class='ocr_line' id='line_1_8' title="bbox 235 898 1035 988; baseline -0.024 -22"><span class='ocrx_word' id='word_1_43' title='bbox 235 898 332 981; x_wconf 49' lang='lat' dir='ltr'>satque</span> <span class='ocrx_word' id='word_1_44' title='bbox 347 909 446 964; x_wconf 88' lang='lat' dir='ltr'>certius</span> <span class='ocrx_word' id='word_1_45' title='bbox 456 907 591 978; x_wconf 79' lang='lat' dir='ltr'>proximas</span> <span class='ocrx_word' id='word_1_46' title='bbox 609 905 683 976; x_wconf 88' lang='lat' dir='ltr'>qnasi</span> <span class='ocrx_word' id='word_1_47' title='bbox 702 903 710 934; x_wconf 87' lang='lat'><strong>¹</strong></span> <span class='ocrx_word' id='word_1_48' title='bbox 727 900 920 975; x_wconf 71' lang='lat' dir='ltr'>prospicimus,</span> <span class='ocrx_word' id='word_1_49' title='bbox 935 909 1035 988; x_wconf 43' lang='lat' dir='ltr'>merneo-</span> 
     </span>
     <span class='ocr_line' id='line_1_9' title="bbox 257 991 1034 1067; baseline -0.022 -11"><span class='ocrx_word' id='word_1_50' title='bbox 257 1001 297 1056; x_wconf 83' lang='lat' dir='ltr'>ria</span> <span class='ocrx_word' id='word_1_51' title='bbox 310 999 422 1055; x_wconf 87' lang='lat' dir='ltr'>laciettte</span> <span class='ocrx_word' id='word_1_52' title='bbox 434 996 460 1067; x_wconf 72' lang='lat' dir='ltr'>id</span> <span class='ocrx_word' id='word_1_53' title='bbox 475 996 588 1066; x_wconf 80' lang='lat' dir='ltr'>agimus,</span> <span class='ocrx_word' id='word_1_54' title='bbox 602 1009 664 1049; x_wconf 87' lang='lat' dir='ltr'>curu</span> <span class='ocrx_word' id='word_1_55' title='bbox 684 1007 764 1062; x_wconf 79' lang='lat' dir='ltr'>agere</span> <span class='ocrx_word' id='word_1_56' title='bbox 779 991 895 1044; x_wconf 87' lang='lat' dir='ltr'>ralcrnus</span> <span class='ocrx_word' id='word_1_57' title='bbox 909 992 1034 1057; x_wconf 88' lang='lat' dir='ltr'>quantum</span> 
     </span>
     <span class='ocr_line' id='line_1_10' title="bbox 231 1076 1035 1179; baseline -0.016 -37"><span class='ocrx_word' id='word_1_58' title='bbox 231 1097 233 1100; x_wconf 83' lang='lat'>&#39;</span> <span class='ocrx_word' id='word_1_59' title='bbox 253 1092 390 1156; x_wconf 78' lang='lat' dir='ltr'>ualemus,</span> <span class='ocrx_word' id='word_1_60' title='bbox 403 1104 462 1160; x_wconf 78' lang='lat' dir='ltr'>que</span> <span class='ocrx_word' id='word_1_61' title='bbox 482 1088 586 1142; x_wconf 84' lang='lat' dir='ltr'>ridetur</span> <span class='ocrx_word' id='word_1_62' title='bbox 605 1101 658 1140; x_wconf 91' lang='lat' dir='ltr'>unu</span> <span class='ocrx_word' id='word_1_63' title='bbox 673 1084 706 1139; x_wconf 90' lang='lat' dir='ltr'>ad</span> <span class='ocrx_word' id='word_1_64' title='bbox 723 1098 753 1138; x_wconf 89' lang='lat' dir='ltr'>ca</span> <span class='ocrx_word' id='word_1_65' title='bbox 767 1097 826 1153; x_wconf 80' lang='lat' dir='ltr'>utrm</span> <span class='ocrx_word' id='word_1_66' title='bbox 843 1082 928 1134; x_wconf 87' lang='lat' dir='ltr'>lutura</span> <span class='ocrx_word' id='word_1_67' title='bbox 941 1076 1035 1179; x_wconf 51' lang='lat' dir='ltr'>suntl,</span> 
     </span>
     <span class='ocr_line' id='line_1_11' title="bbox 252 1169 1037 1251; baseline -0.019 -16"><span class='ocrx_word' id='word_1_68' title='bbox 252 1183 301 1237; x_wconf 85' lang='lat' dir='ltr'>scd</span> <span class='ocrx_word' id='word_1_69' title='bbox 313 1181 346 1237; x_wconf 88' lang='lat' dir='ltr'>ad</span> <span class='ocrx_word' id='word_1_70' title='bbox 364 1180 496 1251; x_wconf 70' lang='lat' dir='ltr'>praeterita</span> <span class='ocrx_word' id='word_1_71' title='bbox 517 1178 659 1250; x_wconf 86' lang='lat' dir='ltr'>pertinere.</span> <span class='ocrx_word' id='word_1_72' title='bbox 672 1175 747 1244; x_wconf 85' lang='lat' dir='ltr'>Quod</span> <span class='ocrx_word' id='word_1_73' title='bbox 763 1175 822 1229; x_wconf 85' lang='lat' dir='ltr'>licet</span> <span class='ocrx_word' id='word_1_74' title='bbox 832 1170 948 1242; x_wconf 86' lang='lat' dir='ltr'>experiri</span> <span class='ocrx_word' id='word_1_75' title='bbox 960 1169 986 1223; x_wconf 93' lang='lat' dir='ltr'>iu</span> <span class='ocrx_word' id='word_1_76' title='bbox 997 1181 1037 1222; x_wconf 88' lang='lat' dir='ltr'>ers</span> 
     </span>
     <span class='ocr_line' id='line_1_12' title="bbox 254 1257 1038 1338; baseline -0.018 -12"><span class='ocrx_word' id='word_1_77' title='bbox 254 1271 332 1326; x_wconf 90' lang='lat' dir='ltr'>dictis</span> <span class='ocrx_word' id='word_1_78' title='bbox 346 1271 387 1326; x_wconf 85' lang='lat' dir='ltr'>tel</span> <span class='ocrx_word' id='word_1_79' title='bbox 401 1269 530 1333; x_wconf 79' lang='lat' dir='ltr'>canticis,</span> <span class='ocrx_word' id='word_1_80' title='bbox 547 1283 657 1338; x_wconf 82' lang='lat' dir='ltr'>utrorum</span> <span class='ocrx_word' id='word_1_81' title='bbox 671 1267 767 1321; x_wconf 90' lang='lat' dir='ltr'>scriem</span> <span class='ocrx_word' id='word_1_82' title='bbox 781 1263 935 1318; x_wconf 87' lang='lat' dir='ltr'>memoriter</span> <span class='ocrx_word' id='word_1_83' title='bbox 949 1257 1038 1315; x_wconf 88' lang='lat' dir='ltr'>reddi·</span> 
     </span>
     <span class='ocr_line' id='line_1_13' title="bbox 245 1336 1037 1429; baseline -0.023 -12"><span class='ocrx_word' id='word_1_84' title='bbox 245 1336 324 1417; x_wconf 58' lang='lat' dir='ltr'>mus,</span> <span class='ocrx_word' id='word_1_85' title='bbox 332 1361 386 1416; x_wconf 86' lang='lat' dir='ltr'>Nisi</span> <span class='ocrx_word' id='word_1_86' title='bbox 396 1359 466 1416; x_wconf 89' lang='lat' dir='ltr'>eniur</span> <span class='ocrx_word' id='word_1_87' title='bbox 478 1359 682 1429; x_wconf 63' lang='lat' dir='ltr'>praecideremus</span> <span class='ocrx_word' id='word_1_88' title='bbox 694 1354 854 1424; x_wconf 74' lang='lat' dir='ltr'>cepicttioue</span> <span class='ocrx_word' id='word_1_89' title='bbox 867 1349 937 1421; x_wconf 84' lang='lat' dir='ltr'>qood</span> <span class='ocrx_word' id='word_1_90' title='bbox 948 1346 1037 1417; x_wconf 81' lang='lat' dir='ltr'>sequi·</span> 
     </span>
     <span class='ocr_line' id='line_1_14' title="bbox 254 1437 1037 1540; baseline -0.026 -32"><span class='ocrx_word' id='word_1_91' title='bbox 254 1464 307 1520; x_wconf 89' lang='lat' dir='ltr'>tor,</span> <span class='ocrx_word' id='word_1_92' title='bbox 321 1468 373 1508; x_wconf 92' lang='lat' dir='ltr'>uon</span> <span class='ocrx_word' id='word_1_93' title='bbox 393 1451 484 1521; x_wconf 86' lang='lat' dir='ltr'>utiqtte</span> <span class='ocrx_word' id='word_1_94' title='bbox 500 1450 657 1505; x_wconf 79' lang='lat' dir='ltr'>diceremus.</span> <span class='ocrx_word' id='word_1_95' title='bbox 682 1446 714 1500; x_wconf 80' lang='lat' dir='ltr'>Et</span> <span class='ocrx_word' id='word_1_96' title='bbox 733 1455 819 1498; x_wconf 85' lang='lat' dir='ltr'>tamen</span> <span class='ocrx_word' id='word_1_97' title='bbox 844 1449 872 1496; x_wconf 92' lang='lat' dir='ltr'>ot</span> <span class='ocrx_word' id='word_1_98' title='bbox 892 1437 1037 1540; x_wconf 72' lang='lat' dir='ltr'>praeuidea-</span> 
     </span>
     <span class='ocr_line' id='line_1_15' title="bbox 253 1534 1036 1631; baseline -0.026 -30"><span class='ocrx_word' id='word_1_99' title='bbox 253 1561 333 1610; x_wconf 92' lang='lat' dir='ltr'>mus,</span> <span class='ocrx_word' id='word_1_100' title='bbox 348 1558 400 1599; x_wconf 91' lang='lat' dir='ltr'>neu</span> <span class='ocrx_word' id='word_1_101' title='bbox 421 1541 584 1613; x_wconf 86' lang='lat' dir='ltr'>prouidentia</span> <span class='ocrx_word' id='word_1_102' title='bbox 607 1553 657 1604; x_wconf 84' lang='lat' dir='ltr'>pus</span> <span class='ocrx_word' id='word_1_103' title='bbox 677 1538 801 1599; x_wconf 73' lang='lat' dir='ltr'>iustruit,</span> <span class='ocrx_word' id='word_1_104' title='bbox 821 1534 868 1589; x_wconf 91' lang='lat' dir='ltr'>scd</span> <span class='ocrx_word' id='word_1_105' title='bbox 898 1543 1036 1631; x_wconf 78' lang='lat' dir='ltr'>memoria.</span> 
     </span>
     <span class='ocr_line' id='line_1_16' title="bbox 251 1621 1038 1698; baseline -0.023 -8"><span class='ocrx_word' id='word_1_106' title='bbox 251 1635 320 1691; x_wconf 66' lang='lat' dir='ltr'>‘Num</span> <span class='ocrx_word' id='word_1_107' title='bbox 335 1634 421 1689; x_wconf 89' lang='lat' dir='ltr'>duuce</span> <span class='ocrx_word' id='word_1_108' title='bbox 441 1632 547 1686; x_wconf 85' lang='lat' dir='ltr'>luriatur</span> <span class='ocrx_word' id='word_1_109' title='bbox 570 1644 649 1684; x_wconf 92' lang='lat' dir='ltr'>omne</span> <span class='ocrx_word' id='word_1_110' title='bbox 671 1626 740 1698; x_wconf 83' lang='lat' dir='ltr'>uuod</span> <span class='ocrx_word' id='word_1_111' title='bbox 761 1625 884 1689; x_wconf 87' lang='lat' dir='ltr'>dieiurns,</span> <span class='ocrx_word' id='word_1_112' title='bbox 899 1621 1038 1676; x_wconf 86' lang='lat' dir='ltr'>slreeant·</span> 
     </span>
     <span class='ocr_line' id='line_1_17' title="bbox 252 1718 1039 1804; baseline -0.022 -22"><span class='ocrx_word' id='word_1_113' title='bbox 252 1743 326 1792; x_wconf 87' lang='lat' dir='ltr'>ntus,</span> <span class='ocrx_word' id='word_1_114' title='bbox 345 1725 410 1780; x_wconf 89' lang='lat' dir='ltr'>uiltil</span> <span class='ocrx_word' id='word_1_115' title='bbox 422 1733 463 1780; x_wconf 85' lang='lat' dir='ltr'>est</span> <span class='ocrx_word' id='word_1_116' title='bbox 486 1721 557 1794; x_wconf 88' lang='lat' dir='ltr'>quod</span> <span class='ocrx_word' id='word_1_117' title='bbox 579 1736 631 1777; x_wconf 93' lang='lat' dir='ltr'>nen</span> <span class='ocrx_word' id='word_1_118' title='bbox 651 1718 789 1804; x_wconf 61' lang='lat' dir='ltr'>‘prouisum</span> <span class='ocrx_word' id='word_1_119' title='bbox 816 1722 1039 1787; x_wconf 77' lang='lat' dir='ltr'>prospectumque</span> 
     </span>
     <span class='ocr_line' id='line_1_18' title="bbox 256 1801 1039 1903; baseline -0.028 -32"><span class='ocrx_word' id='word_1_120' title='bbox 256 1814 416 1888; x_wconf 88' lang='lat' dir='ltr'>prolcratur.</span> <span class='ocrx_word' id='word_1_121' title='bbox 433 1813 467 1868; x_wconf 88' lang='grc' dir='ltr'>Ει</span> <span class='ocrx_word' id='word_1_122' title='bbox 488 1822 577 1866; x_wconf 85' lang='lat' dir='ltr'>tamen</span> <span class='ocrx_word' id='word_1_123' title='bbox 595 1826 657 1865; x_wconf 88' lang='lat' dir='ltr'>euttt</span> <span class='ocrx_word' id='word_1_124' title='bbox 682 1807 707 1863; x_wconf 93' lang='lat' dir='ltr'>itl</span> <span class='ocrx_word' id='word_1_125' title='bbox 730 1807 844 1878; x_wconf 81' lang='lat' dir='ltr'>agimus,</span> <span class='ocrx_word' id='word_1_126' title='bbox 861 1819 914 1858; x_wconf 95' lang='lat' dir='ltr'>uon</span> <span class='ocrx_word' id='word_1_127' title='bbox 927 1801 1039 1903; x_wconf 74' lang='lat' dir='ltr'>dicimur</span> 
     </span>
     <span class='ocr_line' id='line_1_19' title="bbox 255 1897 1039 1980; baseline -0.022 -19"><span class='ocrx_word' id='word_1_128' title='bbox 255 1897 435 1980; x_wconf 82' lang='lat' dir='ltr'>prouidenter,</span> <span class='ocrx_word' id='word_1_129' title='bbox 450 1903 497 1960; x_wconf 90' lang='lat' dir='ltr'>sed</span> <span class='ocrx_word' id='word_1_130' title='bbox 509 1901 663 1958; x_wconf 78' lang='lat' dir='ltr'>memoriter</span> <span class='ocrx_word' id='word_1_131' title='bbox 675 1897 822 1955; x_wconf 85' lang='lat' dir='ltr'>cattcreuel</span> <span class='ocrx_word' id='word_1_132' title='bbox 835 1897 940 1959; x_wconf 73' lang='lat' dir='ltr'>dicere,</span> <span class='ocrx_word' id='word_1_133' title='bbox 956 1903 1039 1962; x_wconf 82' lang='lat' dir='ltr'>etqui</span> 
     </span>
     <span class='ocr_line' id='line_1_20' title="bbox 254 1984 1039 2069; baseline -0.023 -14"><span class='ocrx_word' id='word_1_134' title='bbox 254 2000 307 2056; x_wconf 89' lang='lat' dir='ltr'>hee</span> <span class='ocrx_word' id='word_1_135' title='bbox 317 1999 343 2054; x_wconf 92' lang='lat' dir='ltr'>iu</span> <span class='ocrx_word' id='word_1_136' title='bbox 359 1984 452 2053; x_wconf 80' lang='lat' dir='ltr'>multis</span> <span class='ocrx_word' id='word_1_137' title='bbox 474 1996 509 2050; x_wconf 83' lang='lat' dir='ltr'>ita</span> <span class='ocrx_word' id='word_1_138' title='bbox 523 1991 689 2064; x_wconf 82' lang='lat' dir='ltr'>proferendis</span> <span class='ocrx_word' id='word_1_139' title='bbox 705 1990 794 2045; x_wconf 79' lang='lat' dir='ltr'>ualent</span> <span class='ocrx_word' id='word_1_140' title='bbox 808 1989 970 2060; x_wconf 89' lang='lat' dir='ltr'>plurimum,</span> <span class='ocrx_word' id='word_1_141' title='bbox 986 1998 1039 2069; x_wconf 87' lang='lat' dir='ltr'>uon</span> 
     </span>
     <span class='ocr_line' id='line_1_21' title="bbox 248 2074 1038 2156; baseline -0.024 -9"><span class='ocrx_word' id='word_1_142' title='bbox 248 2076 324 2147; x_wconf 51' lang='lat' dir='ltr'>&#39;solet</span> <span class='ocrx_word' id='word_1_143' title='bbox 349 2077 441 2144; x_wconf 78' lang='lat' dir='ltr'>cornum</span> <span class='ocrx_word' id='word_1_144' title='bbox 463 2084 644 2156; x_wconf 86' lang='lat' dir='ltr'>prouidentia,</span> <span class='ocrx_word' id='word_1_145' title='bbox 662 2082 708 2139; x_wconf 88' lang='lat' dir='ltr'>sed</span> <span class='ocrx_word' id='word_1_146' title='bbox 737 2080 864 2138; x_wconf 87' lang='lat' dir='ltr'>memoria</span> <span class='ocrx_word' id='word_1_147' title='bbox 892 2074 1038 2148; x_wconf 76' lang='lat' dir='ltr'>praedicari.</span> 
     </span>
     <span class='ocr_line' id='line_1_22' title="bbox 253 2171 1040 2239; baseline -0.023 0"><span class='ocrx_word' id='word_1_148' title='bbox 253 2182 323 2239; x_wconf 83' lang='lat' dir='ltr'>Fieri</span> <span class='ocrx_word' id='word_1_149' title='bbox 338 2183 387 2237; x_wconf 91' lang='lat' dir='ltr'>ista</span> <span class='ocrx_word' id='word_1_150' title='bbox 402 2183 428 2236; x_wconf 92' lang='lat' dir='ltr'>lu</span> <span class='ocrx_word' id='word_1_151' title='bbox 442 2179 533 2234; x_wconf 89' lang='lat' dir='ltr'>aniuro</span> <span class='ocrx_word' id='word_1_152' title='bbox 547 2177 590 2232; x_wconf 87' lang='lat' dir='ltr'>uel</span> <span class='ocrx_word' id='word_1_153' title='bbox 602 2177 636 2232; x_wconf 93' lang='lat' dir='ltr'>ab</span> <span class='ocrx_word' id='word_1_154' title='bbox 649 2176 739 2230; x_wconf 86' lang='lat' dir='ltr'>auitue</span> <span class='ocrx_word' id='word_1_155' title='bbox 754 2182 846 2229; x_wconf 91' lang='lat' dir='ltr'>nestro</span> <span class='ocrx_word' id='word_1_156' title='bbox 861 2171 997 2233; x_wconf 77' lang='lat' dir='ltr'>ttulimus,</span> <span class='ocrx_word' id='word_1_157' title='bbox 1013 2174 1040 2221; x_wconf 85' lang='lat' dir='ltr'>et</span> 
     </span>
     <span class='ocr_line' id='line_1_23' title="bbox 242 2253 1039 2339; baseline -0.024 -10"><span class='ocrx_word' id='word_1_158' title='bbox 242 2253 395 2329; x_wconf 73' lang='lat' dir='ltr'>certissimi</span> <span class='ocrx_word' id='word_1_159' title='bbox 409 2285 502 2327; x_wconf 83' lang='lat' dir='ltr'>eumns</span> <span class='ocrx_word' id='word_1_160' title='bbox 517 2287 523 2322; x_wconf 93' lang='lat'>:</span> <span class='ocrx_word' id='word_1_161' title='bbox 538 2265 671 2339; x_wconf 86' lang='lat' dir='ltr'>quontode</span> <span class='ocrx_word' id='word_1_162' title='bbox 684 2274 773 2320; x_wconf 88' lang='lat' dir='ltr'>autern</span> <span class='ocrx_word' id='word_1_163' title='bbox 790 2263 870 2326; x_wconf 89' lang='lat' dir='ltr'>llant,</span> <span class='ocrx_word' id='word_1_164' title='bbox 884 2267 984 2330; x_wconf 79' lang='lat' dir='ltr'>quanto</span> <span class='ocrx_word' id='word_1_165' title='bbox 997 2267 1039 2311; x_wconf 92' lang='lat' dir='ltr'>at-</span> 
     </span>
     <span class='ocr_line' id='line_1_24' title="bbox 253 2353 1039 2426; baseline -0.025 -4"><span class='ocrx_word' id='word_1_166' title='bbox 253 2365 353 2422; x_wconf 84' lang='lat' dir='ltr'>tentius</span> <span class='ocrx_word' id='word_1_167' title='bbox 366 2363 530 2420; x_wconf 83' lang='lat' dir='ltr'>uoluerimus</span> <span class='ocrx_word' id='word_1_168' title='bbox 549 2359 708 2426; x_wconf 82' lang='lat' dir='ltr'>aduertere,</span> <span class='ocrx_word' id='word_1_169' title='bbox 723 2366 795 2411; x_wconf 87' lang='lat' dir='ltr'>tauto</span> <span class='ocrx_word' id='word_1_170' title='bbox 810 2353 892 2424; x_wconf 76' lang='lat' dir='ltr'>rrragis</span> <span class='ocrx_word' id='word_1_171' title='bbox 906 2359 998 2405; x_wconf 91' lang='lat' dir='ltr'>noster</span> <span class='ocrx_word' id='word_1_172' title='bbox 1012 2356 1039 2403; x_wconf 92' lang='lat' dir='ltr'>et</span> 
     </span>
     <span class='ocr_line' id='line_1_25' title="bbox 253 2443 1041 2522; baseline -0.023 -12"><span class='ocrx_word' id='word_1_173' title='bbox 253 2469 342 2510; x_wconf 79' lang='lat' dir='ltr'>sermo</span> <span class='ocrx_word' id='word_1_174' title='bbox 352 2453 515 2518; x_wconf 87' lang='lat' dir='ltr'>succumbit,</span> <span class='ocrx_word' id='word_1_175' title='bbox 536 2461 563 2508; x_wconf 92' lang='lat' dir='ltr'>et</span> <span class='ocrx_word' id='word_1_176' title='bbox 582 2450 639 2522; x_wconf 88' lang='lat' dir='ltr'>ipsa</span> <span class='ocrx_word' id='word_1_177' title='bbox 650 2464 703 2504; x_wconf 93' lang='lat' dir='ltr'>uon</span> <span class='ocrx_word' id='word_1_178' title='bbox 718 2446 846 2518; x_wconf 78' lang='lat' dir='ltr'>perdurat</span> <span class='ocrx_word' id='word_1_179' title='bbox 864 2443 978 2497; x_wconf 86' lang='lat' dir='ltr'>intentio</span> <span class='ocrx_word' id='word_1_180' title='bbox 991 2481 997 2504; x_wconf 92' lang='lat'>,</span> <span class='ocrx_word' id='word_1_181' title='bbox 1012 2449 1041 2493; x_wconf 92' lang='lat' dir='ltr'>ot</span> 
     </span>
     <span class='ocr_line' id='line_1_26' title="bbox 158 2534 1039 2614; baseline -0.025 -7"><span class='ocrx_word' id='word_1_182' title='bbox 158 2599 164 2607; x_wconf 75' lang='grc'><strong>.</strong></span> <span class='ocrx_word' id='word_1_183' title='bbox 253 2545 287 2600; x_wconf 89' lang='lat' dir='ltr'>ad</span> <span class='ocrx_word' id='word_1_184' title='bbox 300 2545 426 2614; x_wconf 84' lang='lat' dir='ltr'>liquidum</span> <span class='ocrx_word' id='word_1_185' title='bbox 441 2541 542 2614; x_wconf 89' lang='lat' dir='ltr'>aliquid</span> <span class='ocrx_word' id='word_1_186' title='bbox 564 2550 656 2597; x_wconf 88' lang='lat' dir='ltr'>uestra</span> <span class='ocrx_word' id='word_1_187' title='bbox 682 2537 916 2609; x_wconf 77' lang='lat' dir='ltr'>iutelligetrtia,et</span> <span class='ocrx_word' id='word_1_188' title='bbox 940 2534 963 2588; x_wconf 92' lang='lat' dir='ltr'>si</span> <span class='ocrx_word' id='word_1_189' title='bbox 987 2547 1039 2586; x_wconf 93' lang='lat' dir='ltr'>uen</span> 
     </span>
     <span class='ocr_line' id='line_1_27' title="bbox 243 2626 1040 2707; baseline -0.018 -15"><span class='ocrx_word' id='word_1_190' title='bbox 243 2637 360 2707; x_wconf 78' lang='lat' dir='ltr'>lingua,</span> <span class='ocrx_word' id='word_1_191' title='bbox 373 2635 520 2707; x_wconf 84' lang='lat' dir='ltr'>perteniat.</span> <span class='ocrx_word' id='word_1_192' title='bbox 543 2635 575 2688; x_wconf 87' lang='lat' dir='ltr'>El</span> <span class='ocrx_word' id='word_1_193' title='bbox 597 2643 721 2703; x_wconf 87' lang='lat' dir='ltr'>putamus</span> <span class='ocrx_word' id='word_1_194' title='bbox 734 2645 792 2695; x_wconf 91' lang='lat' dir='ltr'>uus,</span> <span class='ocrx_word' id='word_1_195' title='bbox 809 2638 895 2682; x_wconf 91' lang='lat' dir='ltr'>utrutu</span> <span class='ocrx_word' id='word_1_196' title='bbox 915 2626 964 2681; x_wconf 83' lang='lat' dir='ltr'>bei</span> <span class='ocrx_word' id='word_1_197' title='bbox 978 2638 1040 2694; x_wconf 87' lang='lat' dir='ltr'>pro-</span> 
     </span>
    </p>
   </div>
   <div class='ocr_carea' id='block_1_3' title="bbox 147 2712 1040 2793">
    <p class='ocr_par' dir='ltr' id='par_1_3' title="bbox 147 2712 1040 2793">
     <span class='ocr_line' id='line_1_28' title="bbox 147 2712 1040 2793; baseline -0.015 -12"><span class='ocrx_word' id='word_1_198' title='bbox 147 2750 151 2757; x_wconf 64' lang='lat'>=</span> <span class='ocrx_word' id='word_1_199' title='bbox 252 2725 369 2781; x_wconf 75' lang='lat' dir='ltr'>sitientia</span> <span class='ocrx_word' id='word_1_200' title='bbox 382 2723 474 2780; x_wconf 86' lang='lat' dir='ltr'>eadem</span> <span class='ocrx_word' id='word_1_201' title='bbox 489 2723 524 2779; x_wconf 89' lang='lat' dir='ltr'>sit</span> <span class='ocrx_word' id='word_1_202' title='bbox 543 2737 602 2793; x_wconf 83' lang='lat' dir='ltr'>quae</span> <span class='ocrx_word' id='word_1_203' title='bbox 616 2719 743 2776; x_wconf 88' lang='lat' dir='ltr'>memoria</span> <span class='ocrx_word' id='word_1_204' title='bbox 757 2729 784 2772; x_wconf 87' lang='lat' dir='ltr'>et</span> <span class='ocrx_word' id='word_1_205' title='bbox 797 2715 979 2786; x_wconf 74' lang='lat' dir='ltr'>intelligentia,</span> <span class='ocrx_word' id='word_1_206' title='bbox 993 2712 1040 2785; x_wconf 86' lang='lat' dir='ltr'>qui</span> 
     </span>
    </p>
   </div>
   <div class='ocr_carea' id='block_1_4' title="bbox 226 2807 1040 5428">
    <p class='ocr_par' dir='ltr' id='par_1_4' title="bbox 245 2807 1040 2974">
     <span class='ocr_line' id='line_1_29' title="bbox 245 2807 1040 2886; baseline -0.018 -14"><span class='ocrx_word' id='word_1_207' title='bbox 245 2832 306 2872; x_wconf 81' lang='lat' dir='ltr'>:uon</span> <span class='ocrx_word' id='word_1_208' title='bbox 326 2815 426 2886; x_wconf 74' lang='lat' dir='ltr'>singula</span> <span class='ocrx_word' id='word_1_209' title='bbox 448 2812 588 2884; x_wconf 76' lang='lat' dir='ltr'>cogitando</span> <span class='ocrx_word' id='word_1_210' title='bbox 601 2809 715 2880; x_wconf 87' lang='lat' dir='ltr'>aspicit,</span> <span class='ocrx_word' id='word_1_211' title='bbox 742 2807 867 2871; x_wconf 84' lang='lat' dir='ltr'>seduna,</span> <span class='ocrx_word' id='word_1_212' title='bbox 887 2814 987 2860; x_wconf 72' lang='lat' dir='ltr'>eterna</span> <span class='ocrx_word' id='word_1_213' title='bbox 1012 2811 1040 2859; x_wconf 85' lang='lat' dir='ltr'>el</span> 
     </span>
     <span class='ocr_line' id='line_1_30' title="bbox 247 2894 1040 2974; baseline -0.015 -14"><span class='ocrx_word' id='word_1_214' title='bbox 247 2904 410 2960; x_wconf 77' lang='lat' dir='ltr'>immutabili</span> <span class='ocrx_word' id='word_1_215' title='bbox 422 2894 501 2974; x_wconf 77' lang='lat' dir='ltr'>atque</span> <span class='ocrx_word' id='word_1_216' title='bbox 524 2899 649 2957; x_wconf 73' lang='lat' dir='ltr'>ineffabili</span> <span class='ocrx_word' id='word_1_217' title='bbox 664 2896 766 2955; x_wconf 87' lang='lat' dir='ltr'>risione</span> <span class='ocrx_word' id='word_1_218' title='bbox 777 2894 963 2965; x_wconf 84' lang='lat' dir='ltr'>complectitur</span> <span class='ocrx_word' id='word_1_219' title='bbox 974 2907 1040 2948; x_wconf 90' lang='lat' dir='ltr'>cun·</span> 
     </span>
    </p>

    <p class='ocr_par' dir='ltr' id='par_1_5' title="bbox 231 2983 1040 3067">
     <span class='ocr_line' id='line_1_31' title="bbox 231 2983 1040 3067; baseline -0.017 -15"><span class='ocrx_word' id='word_1_220' title='bbox 231 2983 233 2987; x_wconf 45' lang='lat'><em>⁷</em></span> <span class='ocrx_word' id='word_1_221' title='bbox 252 3007 295 3053; x_wconf 88' lang='lat' dir='ltr'>cta</span> <span class='ocrx_word' id='word_1_222' title='bbox 308 3012 365 3067; x_wconf 82' lang='lat' dir='ltr'>unm</span> <span class='ocrx_word' id='word_1_223' title='bbox 388 2995 472 3061; x_wconf 85' lang='lat' dir='ltr'>nouit,</span> <span class='ocrx_word' id='word_1_224' title='bbox 500 3000 570 3048; x_wconf 88' lang='lat' dir='ltr'>tauta</span> <span class='ocrx_word' id='word_1_225' title='bbox 597 2989 694 3046; x_wconf 87' lang='lat' dir='ltr'>mentis</span> <span class='ocrx_word' id='word_1_226' title='bbox 707 2988 859 3044; x_wconf 87' lang='lat' dir='ltr'>iullrmitate</span> <span class='ocrx_word' id='word_1_227' title='bbox 874 2999 951 3056; x_wconf 88' lang='lat' dir='ltr'>posse</span> <span class='ocrx_word' id='word_1_228' title='bbox 964 2998 1040 3039; x_wconf 89' lang='lat' dir='ltr'>com-</span> 
     </span>
    </p>

    <p class='ocr_par' dir='ltr' id='par_1_6' title="bbox 226 3072 1040 3882">
     <span class='ocr_line' id='line_1_32' title="bbox 226 3072 1040 3158; baseline -0.01 -20"><span class='ocrx_word' id='word_1_229' title='bbox 226 3072 228 3076; x_wconf 67' lang='grc'><strong>’</strong></span> <span class='ocrx_word' id='word_1_230' title='bbox 253 3085 436 3158; x_wconf 83' lang='lat' dir='ltr'>prclreuderel</span> <span class='ocrx_word' id='word_1_231' title='bbox 450 3084 477 3140; x_wconf 94' lang='lat' dir='ltr'>ln</span> <span class='ocrx_word' id='word_1_232' title='bbox 492 3083 542 3138; x_wconf 93' lang='lat' dir='ltr'>bac</span> <span class='ocrx_word' id='word_1_233' title='bbox 556 3082 637 3154; x_wconf 70' lang='lat' dir='ltr'>igitur</span> <span class='ocrx_word' id='word_1_234' title='bbox 650 3081 805 3136; x_wconf 79' lang='lat' dir='ltr'>dificultate</span> <span class='ocrx_word' id='word_1_235' title='bbox 818 3088 845 3134; x_wconf 87' lang='lat' dir='ltr'>et</span> <span class='ocrx_word' id='word_1_236' title='bbox 866 3075 993 3147; x_wconf 79' lang='lat' dir='ltr'>arrgrrstiir</span> <span class='ocrx_word' id='word_1_237' title='bbox 1007 3074 1040 3130; x_wconf 89' lang='lat' dir='ltr'>tt·</span> 
     </span>
     <span class='ocr_line' id='line_1_33' title="bbox 252 3164 1039 3237; baseline -0.017 -4"><span class='ocrx_word' id='word_1_238' title='bbox 252 3179 296 3233; x_wconf 82' lang='lat' dir='ltr'>bet</span> <span class='ocrx_word' id='word_1_239' title='bbox 309 3177 458 3232; x_wconf 83' lang='lat' dir='ltr'>exclamare</span> <span class='ocrx_word' id='word_1_240' title='bbox 467 3164 508 3231; x_wconf 76' lang='lat' dir='ltr'>ad</span> <span class='ocrx_word' id='word_1_241' title='bbox 518 3173 602 3229; x_wconf 83' lang='lat' dir='ltr'>Deum</span> <span class='ocrx_word' id='word_1_242' title='bbox 616 3171 703 3227; x_wconf 82' lang='lat' dir='ltr'>rivum</span> <span class='ocrx_word' id='word_1_243' title='bbox 718 3187 726 3226; x_wconf 80' lang='lat' dir='ltr'>t</span> <span class='ocrx_word' id='word_1_244' title='bbox 742 3168 879 3237; x_wconf 72' lang='lat' dir='ltr'>iliritieotu</span> <span class='ocrx_word' id='word_1_245' title='bbox 891 3176 927 3221; x_wconf 84' lang='lat' dir='ltr'>ert</span> <span class='ocrx_word' id='word_1_246' title='bbox 937 3166 1039 3221; x_wconf 74' lang='lat' dir='ltr'>scientia</span> 
     </span>
     <span class='ocr_line' id='line_1_34' title="bbox 252 3255 1037 3334; baseline -0.011 -11"><span class='ocrx_word' id='word_1_247' title='bbox 252 3281 295 3323; x_wconf 85' lang='lat' dir='ltr'>tuo</span> <span class='ocrx_word' id='word_1_248' title='bbox 320 3283 356 3324; x_wconf 71' lang='lat' dir='ltr'>ce</span> <span class='ocrx_word' id='word_1_249' title='bbox 373 3281 429 3334; x_wconf 84' lang='lat' dir='ltr'>urc,·</span> <span class='ocrx_word' id='word_1_250' title='bbox 451 3264 566 3330; x_wconf 83' lang='lat' dir='ltr'>inuoluit,</span> <span class='ocrx_word' id='word_1_251' title='bbox 588 3273 612 3318; x_wconf 84' lang='lat' dir='ltr'>el</span> <span class='ocrx_word' id='word_1_252' title='bbox 630 3279 693 3318; x_wconf 85' lang='lat' dir='ltr'>uua·</span> <span class='ocrx_word' id='word_1_253' title='bbox 707 3271 795 3333; x_wconf 81' lang='lat' dir='ltr'>potero</span> <span class='ocrx_word' id='word_1_254' title='bbox 816 3260 849 3314; x_wconf 86' lang='lat' dir='ltr'>ud</span> <span class='ocrx_word' id='word_1_255' title='bbox 862 3260 933 3314; x_wconf 78' lang='lat' dir='ltr'>illone</span> <span class='ocrx_word' id='word_1_256' title='bbox 951 3255 1037 3328; x_wconf 76' lang='lat' dir='ltr'>(Ptol.</span> 
     </span>
     <span class='ocr_line' id='line_1_35' title="bbox 251 3350 1039 3433; baseline -0.015 -15"><span class='ocrx_word' id='word_1_257' title='bbox 251 3357 427 3433; x_wconf 66' lang='lat' dir='ltr'>cruentuli).</span> <span class='ocrx_word' id='word_1_258' title='bbox 440 3357 480 3414; x_wconf 82' lang='lat' dir='ltr'>Ex</span> <span class='ocrx_word' id='word_1_259' title='bbox 490 3356 638 3428; x_wconf 83' lang='lat' dir='ltr'>mequippc</span> <span class='ocrx_word' id='word_1_260' title='bbox 652 3355 770 3425; x_wconf 74' lang='lat' dir='ltr'>intelligo</span> <span class='ocrx_word' id='word_1_261' title='bbox 782 3369 859 3424; x_wconf 84' lang='lat' dir='ltr'>quarn</span> <span class='ocrx_word' id='word_1_262' title='bbox 870 3354 904 3407; x_wconf 91' lang='lat' dir='ltr'>sit</span> <span class='ocrx_word' id='word_1_263' title='bbox 912 3350 1039 3407; x_wconf 80' lang='lat' dir='ltr'>mirabilis</span> 
     </span>
     <span class='ocr_line' id='line_1_36' title="bbox 250 3441 1037 3521; baseline -0.019 -12"><span class='ocrx_word' id='word_1_264' title='bbox 250 3462 280 3508; x_wconf 88' lang='lat' dir='ltr'>ct</span> <span class='ocrx_word' id='word_1_265' title='bbox 293 3447 565 3521; x_wconf 86' lang='lat' dir='ltr'>incompreheusibilis</span> <span class='ocrx_word' id='word_1_266' title='bbox 580 3445 690 3502; x_wconf 86' lang='lat' dir='ltr'>scientia</span> <span class='ocrx_word' id='word_1_267' title='bbox 718 3455 762 3500; x_wconf 90' lang='lat' dir='ltr'>tua</span> <span class='ocrx_word' id='word_1_268' title='bbox 774 3484 782 3509; x_wconf 92' lang='lat'>,</span> <span class='ocrx_word' id='word_1_269' title='bbox 796 3459 848 3514; x_wconf 80' lang='lat' dir='ltr'>uua</span> <span class='ocrx_word' id='word_1_270' title='bbox 862 3458 905 3498; x_wconf 90' lang='lat' dir='ltr'>me</span> <span class='ocrx_word' id='word_1_271' title='bbox 932 3441 1037 3511; x_wconf 85' lang='lat' dir='ltr'>lecisti;</span> 
     </span>
     <span class='ocr_line' id='line_1_37' title="bbox 251 3535 1038 3617; baseline -0.017 -16"><span class='ocrx_word' id='word_1_272' title='bbox 251 3544 357 3617; x_wconf 89' lang='lat' dir='ltr'>quaudo</span> <span class='ocrx_word' id='word_1_273' title='bbox 378 3558 428 3599; x_wconf 92' lang='lat' dir='ltr'>nce</span> <span class='ocrx_word' id='word_1_274' title='bbox 454 3542 603 3610; x_wconf 89' lang='lat' dir='ltr'>meipsum</span> <span class='ocrx_word' id='word_1_275' title='bbox 618 3535 844 3609; x_wconf 84' lang='lat' dir='ltr'>comprehendere</span> <span class='ocrx_word' id='word_1_276' title='bbox 858 3536 934 3591; x_wconf 85' lang='lat' dir='ltr'>raleo</span> <span class='ocrx_word' id='word_1_277' title='bbox 958 3549 1038 3603; x_wconf 83' lang='lat' dir='ltr'>quem</span> 
     </span>
     <span class='ocr_line' id='line_1_38' title="bbox 252 3622 1039 3692; baseline -0.019 0"><span class='ocrx_word' id='word_1_278' title='bbox 252 3636 368 3692; x_wconf 83' lang='lat' dir='ltr'>iecisti:</span> <span class='ocrx_word' id='word_1_279' title='bbox 397 3642 424 3688; x_wconf 91' lang='lat' dir='ltr'>et</span> <span class='ocrx_word' id='word_1_280' title='bbox 448 3640 536 3687; x_wconf 85' lang='lat' dir='ltr'>tamen</span> <span class='ocrx_word' id='word_1_281' title='bbox 556 3631 583 3684; x_wconf 93' lang='lat' dir='ltr'>iu</span> <span class='ocrx_word' id='word_1_282' title='bbox 611 3626 782 3683; x_wconf 78' lang='lat' dir='ltr'>meditatione</span> <span class='ocrx_word' id='word_1_283' title='bbox 805 3641 864 3680; x_wconf 89' lang='lat' dir='ltr'>mea</span> <span class='ocrx_word' id='word_1_284' title='bbox 891 3622 1039 3679; x_wconf 78' lang='lat' dir='ltr'>exardescit</span> 
     </span>
     <span class='ocr_line' id='line_1_39' title="bbox 251 3714 1037 3795; baseline -0.015 -15"><span class='ocrx_word' id='word_1_285' title='bbox 251 3727 320 3795; x_wconf 76' lang='lat' dir='ltr'>iguis</span> <span class='ocrx_word' id='word_1_286' title='bbox 345 3722 442 3795; x_wconf 79' lang='lat' dir='ltr'>(Ptol.</span> <span class='ocrx_word' id='word_1_287' title='bbox 468 3734 577 3784; x_wconf 81' lang='lat' dir='ltr'>xxtuttt,</span> <span class='ocrx_word' id='word_1_288' title='bbox 590 3718 608 3772; x_wconf 79' lang='grc' dir='ltr'>ι</span> <span class='ocrx_word' id='word_1_289' title='bbox 622 3715 643 3791; x_wconf 93' lang='grc'>),</span> <span class='ocrx_word' id='word_1_290' title='bbox 659 3726 687 3773; x_wconf 87' lang='lat' dir='ltr'>ut</span> <span class='ocrx_word' id='word_1_291' title='bbox 707 3731 824 3789; x_wconf 71' lang='lat' dir='ltr'>quaeram</span> <span class='ocrx_word' id='word_1_292' title='bbox 851 3714 946 3772; x_wconf 83' lang='lat' dir='ltr'>laciem</span> <span class='ocrx_word' id='word_1_293' title='bbox 966 3723 1037 3770; x_wconf 90' lang='lat' dir='ltr'>luam</span> 
     </span>
     <span class='ocr_line' id='line_1_40' title="bbox 251 3806 572 3882; baseline -0.025 -13"><span class='ocrx_word' id='word_1_294' title='bbox 251 3827 357 3882; x_wconf 84' lang='lat' dir='ltr'>semper</span> <span class='ocrx_word' id='word_1_295' title='bbox 367 3809 453 3877; x_wconf 77' lang='lat' dir='ltr'>(Paul.</span> <span class='ocrx_word' id='word_1_296' title='bbox 466 3823 519 3876; x_wconf 84' lang='lat' dir='ltr'>cu,</span> <span class='ocrx_word' id='word_1_297' title='bbox 532 3806 572 3878; x_wconf 80' lang='grc' dir='ltr'>ι).</span> 
     </span>
    </p>

    <p class='ocr_par' dir='ltr' id='par_1_7' title="bbox 234 3894 1037 5428">
     <span class='ocr_line' id='line_1_41' title="bbox 284 3894 1037 3966; baseline -0.012 -8"><span class='ocrx_word' id='word_1_298' title='bbox 284 3898 399 3958; x_wconf 78' lang='lat' dir='ltr'><strong>CAPUT</strong></span> <span class='ocrx_word' id='word_1_299' title='bbox 417 3897 485 3954; x_wconf 79' lang='lat' dir='ltr'>vttl.</span> <span class='ocrx_word' id='word_1_300' title='bbox 496 3925 531 3939; x_wconf 89' lang='lat'>-</span> <span class='ocrx_word' id='word_1_301' title='bbox 543 3898 586 3953; x_wconf 79' lang='lat' dir='ltr'>ll.</span> <span class='ocrx_word' id='word_1_302' title='bbox 603 3895 685 3951; x_wconf 81' lang='lat' dir='ltr'>Deum</span> <span class='ocrx_word' id='word_1_303' title='bbox 699 3911 766 3951; x_wconf 83' lang='lat' dir='ltr'>nour</span> <span class='ocrx_word' id='word_1_304' title='bbox 780 3894 858 3950; x_wconf 80' lang='lat' dir='ltr'>rideri</span> <span class='ocrx_word' id='word_1_305' title='bbox 877 3912 893 3950; x_wconf 83' lang='lat' dir='ltr'>a</span> <span class='ocrx_word' id='word_1_306' title='bbox 907 3895 978 3950; x_wconf 81' lang='lat' dir='ltr'>nobit</span> <span class='ocrx_word' id='word_1_307' title='bbox 993 3912 1037 3966; x_wconf 83' lang='lat' dir='ltr'>per</span> 
     </span>
     <span class='ocr_line' id='line_1_42' title="bbox 247 3987 1036 4064; baseline -0.009 -15"><span class='ocrx_word' id='word_1_308' title='bbox 247 3991 378 4064; x_wconf 61' lang='lat' dir='ltr'>speratum</span> <span class='ocrx_word' id='word_1_309' title='bbox 391 3989 517 4061; x_wconf 82' lang='lat' dir='ltr'>quomodo</span> <span class='ocrx_word' id='word_1_310' title='bbox 530 3988 597 4044; x_wconf 88' lang='lat' dir='ltr'>dicet</span> <span class='ocrx_word' id='word_1_311' title='bbox 609 3987 755 4059; x_wconf 75' lang='lat' dir='ltr'>Apostolus.</span> <span class='ocrx_word' id='word_1_312' title='bbox 766 3987 958 4057; x_wconf 84' lang='lat' dir='ltr'>lucorporalem</span> <span class='ocrx_word' id='word_1_313' title='bbox 971 3987 1036 4042; x_wconf 87' lang='lat' dir='ltr'>sub·</span> 
     </span>
     <span class='ocr_line' id='line_1_43' title="bbox 243 4079 1036 4153; baseline -0.01 -10"><span class='ocrx_word' id='word_1_314' title='bbox 243 4084 373 4143; x_wconf 75' lang='lat' dir='ltr'>-etantiam</span> <span class='ocrx_word' id='word_1_315' title='bbox 388 4083 444 4140; x_wconf 88' lang='lat' dir='ltr'>scio</span> <span class='ocrx_word' id='word_1_316' title='bbox 457 4097 517 4140; x_wconf 88' lang='lat' dir='ltr'>esse</span> <span class='ocrx_word' id='word_1_317' title='bbox 530 4081 706 4153; x_wconf 83' lang='lat' dir='ltr'>sapientiam,</span> <span class='ocrx_word' id='word_1_318' title='bbox 719 4088 747 4136; x_wconf 92' lang='lat' dir='ltr'>et</span> <span class='ocrx_word' id='word_1_319' title='bbox 760 4079 849 4135; x_wconf 90' lang='lat' dir='ltr'>lunren</span> <span class='ocrx_word' id='word_1_320' title='bbox 863 4094 923 4135; x_wconf 87' lang='lat' dir='ltr'>esse</span> <span class='ocrx_word' id='word_1_321' title='bbox 942 4080 968 4135; x_wconf 89' lang='lat' dir='ltr'>in</span> <span class='ocrx_word' id='word_1_322' title='bbox 983 4094 1036 4150; x_wconf 87' lang='lat' dir='ltr'>quo</span> 
     </span>
     <span class='ocr_line' id='line_1_44' title="bbox 239 4168 1034 4245; baseline -0.009 -15"><span class='ocrx_word' id='word_1_323' title='bbox 239 4174 372 4232; x_wconf 59' lang='lat' dir='ltr'>&#39;uidentur</span> <span class='ocrx_word' id='word_1_324' title='bbox 383 4188 442 4245; x_wconf 80' lang='lat' dir='ltr'>qttae</span> <span class='ocrx_word' id='word_1_325' title='bbox 461 4172 545 4229; x_wconf 90' lang='lat' dir='ltr'>oculis</span> <span class='ocrx_word' id='word_1_326' title='bbox 559 4169 709 4227; x_wconf 85' lang='lat' dir='ltr'>carnalibus</span> <span class='ocrx_word' id='word_1_327' title='bbox 727 4184 779 4224; x_wconf 92' lang='lat' dir='ltr'>uon</span> <span class='ocrx_word' id='word_1_328' title='bbox 793 4168 974 4226; x_wconf 78' lang='lat' dir='ltr'>uidenturrct</span> <span class='ocrx_word' id='word_1_329' title='bbox 994 4179 1034 4224; x_wconf 91' lang='lat' dir='ltr'>ta·</span> 
     </span>
     <span class='ocr_line' id='line_1_45' title="bbox 244 4249 1030 4338; baseline -0.005 -12"><span class='ocrx_word' id='word_1_330' title='bbox 244 4270 367 4326; x_wconf 82' lang='lat' dir='ltr'>men-vir</span> <span class='ocrx_word' id='word_1_331' title='bbox 384 4249 472 4325; x_wconf 79' lang='lat' dir='ltr'>tantus</span> <span class='ocrx_word' id='word_1_332' title='bbox 487 4277 595 4338; x_wconf 88' lang='lat' dir='ltr'>tamque</span> <span class='ocrx_word' id='word_1_333' title='bbox 615 4257 780 4338; x_wconf 78' lang='lat' dir='ltr'>spiritualis,</span> <span class='ocrx_word' id='word_1_334' title='bbox 807 4265 925 4322; x_wconf 77' lang='lat' dir='ltr'>videmur</span> <span class='ocrx_word' id='word_1_335' title='bbox 948 4285 1030 4336; x_wconf 83' lang='lat' dir='ltr'>nanc,</span> 
     </span>
     <span class='ocr_line' id='line_1_46' title="bbox 246 4359 1032 4433; baseline -0.005 -16"><span class='ocrx_word' id='word_1_336' title='bbox 246 4361 349 4433; x_wconf 84' lang='lat' dir='ltr'>inquit,</span> <span class='ocrx_word' id='word_1_337' title='bbox 365 4376 410 4433; x_wconf 83' lang='lat' dir='ltr'>per</span> <span class='ocrx_word' id='word_1_338' title='bbox 423 4359 552 4430; x_wconf 76' lang='lat' dir='ltr'>specuium</span> <span class='ocrx_word' id='word_1_339' title='bbox 564 4360 591 4413; x_wconf 90' lang='lat' dir='ltr'>in</span> <span class='ocrx_word' id='word_1_340' title='bbox 603 4360 745 4430; x_wconf 78' lang='lat' dir='ltr'>oerripmute,</span> <span class='ocrx_word' id='word_1_341' title='bbox 762 4368 821 4413; x_wconf 80' lang='lat' dir='ltr'>tune</span> <span class='ocrx_word' id='word_1_342' title='bbox 831 4368 913 4412; x_wconf 79' lang='lat' dir='ltr'>eutem</span> <span class='ocrx_word' id='word_1_343' title='bbox 923 4359 1032 4430; x_wconf 77' lang='lat' dir='ltr'>sericati</span> 
     </span>
     <span class='ocr_line' id='line_1_47' title="bbox 248 4447 1033 4524; baseline -0.001 -19"><span class='ocrx_word' id='word_1_344' title='bbox 248 4453 339 4522; x_wconf 73' lang='lat' dir='ltr'>sociem</span> <span class='ocrx_word' id='word_1_345' title='bbox 351 4448 372 4524; x_wconf 88' lang='grc'>(1</span> <span class='ocrx_word' id='word_1_346' title='bbox 382 4447 443 4508; x_wconf 70' lang='lat' dir='ltr'>cue.</span> <span class='ocrx_word' id='word_1_347' title='bbox 458 4465 516 4517; x_wconf 76' lang='lat' dir='ltr'>tut,</span> <span class='ocrx_word' id='word_1_348' title='bbox 531 4447 585 4523; x_wconf 68' lang='grc' dir='ltr'>ιι).</span> <span class='ocrx_word' id='word_1_349' title='bbox 597 4447 679 4517; x_wconf 73' lang='lat' dir='ltr'>Qutrle</span> <span class='ocrx_word' id='word_1_350' title='bbox 690 4450 725 4502; x_wconf 89' lang='lat' dir='ltr'>sit</span> <span class='ocrx_word' id='word_1_351' title='bbox 737 4460 763 4503; x_wconf 92' lang='lat' dir='ltr'>et</span> <span class='ocrx_word' id='word_1_352' title='bbox 775 4448 845 4519; x_wconf 88' lang='lat' dir='ltr'>quod</span> <span class='ocrx_word' id='word_1_353' title='bbox 860 4450 895 4504; x_wconf 88' lang='lat' dir='ltr'>sit</span> <span class='ocrx_word' id='word_1_354' title='bbox 908 4449 959 4504; x_wconf 90' lang='lat' dir='ltr'>boc</span> <span class='ocrx_word' id='word_1_355' title='bbox 971 4463 1033 4518; x_wconf 85' lang='lat' dir='ltr'>spc-</span> 
     </span>
     <span class='ocr_line' id='line_1_48' title="bbox 247 4537 1033 4611; baseline -0.005 -13"><span class='ocrx_word' id='word_1_356' title='bbox 247 4542 335 4598; x_wconf 91' lang='lat' dir='ltr'>cnluut</span> <span class='ocrx_word' id='word_1_357' title='bbox 350 4541 373 4596; x_wconf 91' lang='lat' dir='ltr'>si</span> <span class='ocrx_word' id='word_1_358' title='bbox 388 4555 553 4611; x_wconf 77' lang='lat' dir='ltr'>queramus,</span> <span class='ocrx_word' id='word_1_359' title='bbox 567 4537 685 4610; x_wconf 90' lang='lat' dir='ltr'>prolecto</span> <span class='ocrx_word' id='word_1_360' title='bbox 699 4538 762 4594; x_wconf 90' lang='lat' dir='ltr'>illud</span> <span class='ocrx_word' id='word_1_361' title='bbox 776 4540 906 4604; x_wconf 86' lang='lat' dir='ltr'>occurrit,</span> <span class='ocrx_word' id='word_1_362' title='bbox 922 4539 992 4609; x_wconf 83' lang='lat' dir='ltr'>quod</span> <span class='ocrx_word' id='word_1_363' title='bbox 1007 4540 1033 4594; x_wconf 94' lang='lat' dir='ltr'>iu</span> 
     </span>
     <span class='ocr_line' id='line_1_49' title="bbox 247 4621 1034 4704; baseline -0.003 -18"><span class='ocrx_word' id='word_1_364' title='bbox 247 4631 357 4704; x_wconf 85' lang='lat' dir='ltr'>speculo</span> <span class='ocrx_word' id='word_1_365' title='bbox 376 4621 426 4684; x_wconf 86' lang='lat' dir='ltr'>uisi</span> <span class='ocrx_word' id='word_1_366' title='bbox 449 4629 535 4700; x_wconf 72' lang='lat' dir='ltr'>inragn</span> <span class='ocrx_word' id='word_1_367' title='bbox 554 4643 607 4682; x_wconf 94' lang='lat' dir='ltr'>non</span> <span class='ocrx_word' id='word_1_368' title='bbox 629 4628 756 4683; x_wconf 91' lang='lat' dir='ltr'>cernitur.</span> <span class='ocrx_word' id='word_1_369' title='bbox 784 4628 840 4683; x_wconf 89' lang='lat' dir='ltr'>lloc</span> <span class='ocrx_word' id='word_1_370' title='bbox 862 4643 926 4698; x_wconf 75' lang='lat' dir='ltr'>erge</span> <span class='ocrx_word' id='word_1_371' title='bbox 948 4629 1034 4684; x_wconf 86' lang='lat' dir='ltr'>lacere</span> 
     </span>
     <span class='ocr_line' id='line_1_50' title="bbox 235 4710 1032 4789; baseline -0.01 -11"><span class='ocrx_word' id='word_1_372' title='bbox 235 4710 334 4779; x_wconf 57' lang='lat' dir='ltr'>&#39;cetrati</span> <span class='ocrx_word' id='word_1_373' title='bbox 348 4735 449 4788; x_wconf 87' lang='lat' dir='ltr'>sumus,</span> <span class='ocrx_word' id='word_1_374' title='bbox 462 4728 491 4773; x_wconf 92' lang='lat' dir='ltr'>ut</span> <span class='ocrx_word' id='word_1_375' title='bbox 504 4733 551 4789; x_wconf 89' lang='lat' dir='ltr'>per</span> <span class='ocrx_word' id='word_1_376' title='bbox 560 4716 700 4789; x_wconf 69' lang='lat' dir='ltr'>imaginem</span> <span class='ocrx_word' id='word_1_377' title='bbox 713 4719 780 4772; x_wconf 90' lang='lat' dir='ltr'>bane</span> <span class='ocrx_word' id='word_1_378' title='bbox 793 4716 862 4788; x_wconf 79' lang='lat' dir='ltr'>quod</span> <span class='ocrx_word' id='word_1_379' title='bbox 872 4733 921 4772; x_wconf 86' lang='lat' dir='ltr'>uos</span> <span class='ocrx_word' id='word_1_380' title='bbox 930 4733 1032 4784; x_wconf 89' lang='lat' dir='ltr'>sumus,</span> 
     </span>
     <span class='ocr_line' id='line_1_51' title="bbox 244 4806 1034 4879; baseline -0.003 -14"><span class='ocrx_word' id='word_1_381' title='bbox 244 4812 397 4867; x_wconf 76' lang='lat' dir='ltr'>rideremus</span> <span class='ocrx_word' id='word_1_382' title='bbox 410 4821 552 4879; x_wconf 83' lang='lat' dir='ltr'>utcumque</span> <span class='ocrx_word' id='word_1_383' title='bbox 565 4824 579 4861; x_wconf 89' lang='lat' dir='ltr'>a</span> <span class='ocrx_word' id='word_1_384' title='bbox 594 4822 647 4878; x_wconf 80' lang='lat' dir='ltr'>uun</span> <span class='ocrx_word' id='word_1_385' title='bbox 661 4806 722 4863; x_wconf 86' lang='lat' dir='ltr'>lactl</span> <span class='ocrx_word' id='word_1_386' title='bbox 736 4823 839 4874; x_wconf 82' lang='lat' dir='ltr'>sununs,</span> <span class='ocrx_word' id='word_1_387' title='bbox 852 4817 975 4878; x_wconf 83' lang='lat' dir='ltr'>tanquam</span> <span class='ocrx_word' id='word_1_388' title='bbox 986 4825 1034 4879; x_wconf 89' lang='lat' dir='ltr'>per</span> 
     </span>
     <span class='ocr_line' id='line_1_52' title="bbox 243 4898 1032 4975; baseline -0.004 -18"><span class='ocrx_word' id='word_1_389' title='bbox 243 4901 393 4975; x_wconf 79' lang='lat' dir='ltr'>speculum.</span> <span class='ocrx_word' id='word_1_390' title='bbox 413 4898 470 4956; x_wconf 92' lang='lat' dir='ltr'>lloc</span> <span class='ocrx_word' id='word_1_391' title='bbox 489 4900 620 4971; x_wconf 80' lang='lat' dir='ltr'>signilleat</span> <span class='ocrx_word' id='word_1_392' title='bbox 640 4900 719 4954; x_wconf 84' lang='lat' dir='ltr'>etiarn</span> <span class='ocrx_word' id='word_1_393' title='bbox 734 4898 798 4954; x_wconf 93' lang='lat' dir='ltr'>illud</span> <span class='ocrx_word' id='word_1_394' title='bbox 813 4899 883 4970; x_wconf 87' lang='lat' dir='ltr'>quod</span> <span class='ocrx_word' id='word_1_395' title='bbox 907 4901 945 4954; x_wconf 90' lang='lat' dir='ltr'>ait</span> <span class='ocrx_word' id='word_1_396' title='bbox 963 4900 1032 4955; x_wconf 89' lang='lat' dir='ltr'>idern</span> 
     </span>
     <span class='ocr_line' id='line_1_53' title="bbox 246 4989 1033 5063; baseline -0.001 -17"><span class='ocrx_word' id='word_1_397' title='bbox 246 4991 396 5063; x_wconf 85' lang='lat' dir='ltr'>apostolus:</span> <span class='ocrx_word' id='word_1_398' title='bbox 405 4990 460 5046; x_wconf 85' lang='lat' dir='ltr'>Nea</span> <span class='ocrx_word' id='word_1_399' title='bbox 469 5001 552 5045; x_wconf 78' lang='lat' dir='ltr'>eutem</span> <span class='ocrx_word' id='word_1_400' title='bbox 559 4991 669 5046; x_wconf 82' lang='lat' dir='ltr'>reuoluto</span> <span class='ocrx_word' id='word_1_401' title='bbox 676 4991 741 5061; x_wconf 74' lang='lat' dir='ltr'>secie</span> <span class='ocrx_word' id='word_1_402' title='bbox 748 4991 854 5062; x_wconf 77' lang='lat' dir='ltr'>plurium</span> <span class='ocrx_word' id='word_1_403' title='bbox 865 4989 966 5045; x_wconf 76' lang='lat' dir='ltr'>donnini</span> <span class='ocrx_word' id='word_1_404' title='bbox 975 5008 1033 5060; x_wconf 82' lang='lat' dir='ltr'>rpe-</span> 
     </span>
     <span class='ocr_line' id='line_1_54' title="bbox 245 5080 1033 5156; baseline 0.003 -20"><span class='ocrx_word' id='word_1_405' title='bbox 245 5083 368 5149; x_wconf 80' lang='lat' dir='ltr'>ruluuter,</span> <span class='ocrx_word' id='word_1_406' title='bbox 387 5083 412 5135; x_wconf 88' lang='lat' dir='ltr'>iu</span> <span class='ocrx_word' id='word_1_407' title='bbox 425 5082 536 5137; x_wconf 84' lang='lat' dir='ltr'>camdem</span> <span class='ocrx_word' id='word_1_408' title='bbox 548 5084 681 5153; x_wconf 77' lang='lat' dir='ltr'>inrupiucur</span> <span class='ocrx_word' id='word_1_409' title='bbox 691 5086 902 5153; x_wconf 62' lang='lat' dir='ltr'>transformemur</span> <span class='ocrx_word' id='word_1_410' title='bbox 911 5080 1033 5156; x_wconf 74' lang='lat' dir='ltr'>depictio</span> 
     </span>
     <span class='ocr_line' id='line_1_55' title="bbox 234 5166 1030 5249; baseline -0.001 -19"><span class='ocrx_word' id='word_1_411' title='bbox 234 5166 272 5230; x_wconf 81' lang='lat' dir='ltr'>&#39;iu</span> <span class='ocrx_word' id='word_1_412' title='bbox 282 5173 398 5246; x_wconf 81' lang='lat' dir='ltr'>plurium,</span> <span class='ocrx_word' id='word_1_413' title='bbox 410 5182 528 5242; x_wconf 80' lang='lat' dir='ltr'>tunquam</span> <span class='ocrx_word' id='word_1_414' title='bbox 541 5171 666 5227; x_wconf 83' lang='lat' dir='ltr'>ellenrini</span> <span class='ocrx_word' id='word_1_415' title='bbox 676 5172 775 5244; x_wconf 82' lang='lat' dir='ltr'>Spiritu</span> <span class='ocrx_word' id='word_1_416' title='bbox 789 5172 823 5246; x_wconf 81' lang='grc' dir='ltr'>(ΙΙ</span> <span class='ocrx_word' id='word_1_417' title='bbox 837 5170 896 5227; x_wconf 81' lang='lat' dir='ltr'>Cor.</span> <span class='ocrx_word' id='word_1_418' title='bbox 911 5190 957 5240; x_wconf 91' lang='lat' dir='ltr'>tu,</span> <span class='ocrx_word' id='word_1_419' title='bbox 974 5175 1030 5249; x_wconf 82' lang='grc' dir='ltr'>ιιι).</span> 
     </span>
     <span class='ocr_line' id='line_1_56' title="bbox 244 5253 1032 5345; baseline -0.003 -21"><span class='ocrx_word' id='word_1_420' title='bbox 244 5264 410 5338; x_wconf 66' lang='lat' dir='ltr'>spernatur</span> <span class='ocrx_word' id='word_1_421' title='bbox 432 5253 513 5329; x_wconf 85' lang='lat' dir='ltr'>dixit,</span> <span class='ocrx_word' id='word_1_422' title='bbox 537 5278 585 5334; x_wconf 90' lang='lat' dir='ltr'>per</span> <span class='ocrx_word' id='word_1_423' title='bbox 605 5262 741 5334; x_wconf 83' lang='lat' dir='ltr'>speculum</span> <span class='ocrx_word' id='word_1_424' title='bbox 760 5263 898 5332; x_wconf 85' lang='lat' dir='ltr'>uidentes,</span> <span class='ocrx_word' id='word_1_425' title='bbox 924 5280 977 5321; x_wconf 91' lang='lat' dir='ltr'>uon</span> <span class='ocrx_word' id='word_1_426' title='bbox 998 5266 1032 5345; x_wconf 86' lang='lat' dir='ltr'>dc</span> 
     </span>
     <span class='ocr_line' id='line_1_57' title="bbox 244 5349 1032 5428; baseline 0 -15"><span class='ocrx_word' id='word_1_427' title='bbox 244 5356 349 5428; x_wconf 80' lang='lat' dir='ltr'>specula</span> <span class='ocrx_word' id='word_1_428' title='bbox 364 5354 565 5426; x_wconf 87' lang='lat' dir='ltr'>prospieientes.</span> <span class='ocrx_word' id='word_1_429' title='bbox 580 5349 656 5419; x_wconf 82' lang='lat' dir='ltr'>Quod</span> <span class='ocrx_word' id='word_1_430' title='bbox 671 5353 699 5414; x_wconf 90' lang='lat' dir='ltr'>in</span> <span class='ocrx_word' id='word_1_431' title='bbox 712 5367 798 5424; x_wconf 71' lang='lat' dir='ltr'>graeca</span> <span class='ocrx_word' id='word_1_432' title='bbox 818 5353 905 5423; x_wconf 76' lang='lat' dir='ltr'>lingua</span> <span class='ocrx_word' id='word_1_433' title='bbox 921 5370 973 5410; x_wconf 94' lang='lat' dir='ltr'>nou</span> <span class='ocrx_word' id='word_1_434' title='bbox 990 5365 1032 5413; x_wconf 90' lang='lat' dir='ltr'>est</span> 
     </span>
    </p>
   </div>
   <div class='ocr_carea' id='block_1_5' title="bbox 273 5444 1034 5533">
    <p class='ocr_par' dir='ltr' id='par_1_8' title="bbox 273 5444 1034 5533">
     <span class='ocr_line' id='line_1_58' title="bbox 273 5444 1034 5533; baseline 0.005 -18"><span class='ocrx_word' id='word_1_435' title='bbox 273 5477 282 5503; x_wconf 83' lang='lat'><strong>¹</strong></span> <span class='ocrx_word' id='word_1_436' title='bbox 300 5479 361 5530; x_wconf 71' lang='lat' dir='ltr'>tm,</span> <span class='ocrx_word' id='word_1_437' title='bbox 372 5464 495 5532; x_wconf 74' lang='lat' dir='ltr'>preuiruur</span> <span class='ocrx_word' id='word_1_438' title='bbox 504 5464 630 5531; x_wconf 66' lang='lat' dir='ltr'>wadmo-</span> <span class='ocrx_word' id='word_1_439' title='bbox 641 5444 751 5512; x_wconf 79' lang='lat' dir='ltr'>nonunt</span> <span class='ocrx_word' id='word_1_440' title='bbox 761 5467 825 5525; x_wconf 68' lang='lat' dir='ltr'>llas,</span> <span class='ocrx_word' id='word_1_441' title='bbox 833 5462 1034 5533; x_wconf 69' lang='lat' dir='ltr'>mammertus·</span> 
     </span>
    </p>
   </div>
   <div class='ocr_carea' id='block_1_6' title="bbox 242 5541 1031 5712">
    <p class='ocr_par' dir='ltr' id='par_1_9' title="bbox 242 5541 1031 5712">
     <span class='ocr_line' id='line_1_59' title="bbox 242 5541 1031 5651; baseline 0.003 -11"><span class='ocrx_word' id='word_1_442' title='bbox 242 5541 336 5639; x_wconf 40' lang='lat' dir='ltr'>wer.</span> <span class='ocrx_word' id='word_1_443' title='bbox 350 5597 376 5640; x_wconf 91' lang='lat' dir='ltr'>et</span> <span class='ocrx_word' id='word_1_444' title='bbox 385 5594 451 5647; x_wconf 73' lang='lat' dir='ltr'>lou,</span> <span class='ocrx_word' id='word_1_445' title='bbox 462 5558 517 5651; x_wconf 71' lang='lat' dir='ltr'>aare</span> <span class='ocrx_word' id='word_1_446' title='bbox 527 5583 561 5638; x_wconf 87' lang='lat' dir='ltr'>od</span> <span class='ocrx_word' id='word_1_447' title='bbox 573 5596 603 5636; x_wconf 80' lang='lat' dir='ltr'>cu</span> <span class='ocrx_word' id='word_1_448' title='bbox 616 5596 663 5636; x_wconf 85' lang='lat' dir='ltr'>rtett</span> <span class='ocrx_word' id='word_1_449' title='bbox 672 5581 782 5635; x_wconf 73' lang='lat' dir='ltr'>dueum</span> <span class='ocrx_word' id='word_1_450' title='bbox 798 5598 853 5651; x_wconf 82' lang='lat' dir='ltr'>quoe</span> <span class='ocrx_word' id='word_1_451' title='bbox 870 5585 952 5650; x_wconf 78' lang='lat' dir='ltr'>{roure</span> <span class='ocrx_word' id='word_1_452' title='bbox 968 5597 1031 5644; x_wconf 79' lang='lat' dir='ltr'>arnt.</span> 
     </span>
     <span class='ocr_line' id='line_1_60' title="bbox 246 5645 919 5712; baseline 0 -9"><span class='ocrx_word' id='word_1_453' title='bbox 246 5656 310 5712; x_wconf 75' lang='lat' dir='ltr'>leoz,</span> <span class='ocrx_word' id='word_1_454' title='bbox 321 5662 376 5708; x_wconf 82' lang='lat' dir='ltr'>utre</span> <span class='ocrx_word' id='word_1_455' title='bbox 386 5648 419 5700; x_wconf 87' lang='lat' dir='ltr'>ed</span> <span class='ocrx_word' id='word_1_456' title='bbox 426 5660 480 5698; x_wconf 82' lang='lat' dir='ltr'>eom</span> <span class='ocrx_word' id='word_1_457' title='bbox 488 5661 535 5699; x_wconf 87' lang='lat' dir='ltr'>nou</span> <span class='ocrx_word' id='word_1_458' title='bbox 544 5646 656 5698; x_wconf 73' lang='lat' dir='ltr'>nucum</span> <span class='ocrx_word' id='word_1_459' title='bbox 662 5657 718 5712; x_wconf 79' lang='lat' dir='ltr'>uttoe</span> <span class='ocrx_word' id='word_1_460' title='bbox 727 5645 810 5711; x_wconf 69' lang='lat' dir='ltr'>poure</span> <span class='ocrx_word' id='word_1_461' title='bbox 819 5656 882 5702; x_wconf 72' lang='lat' dir='ltr'>nott.</span> <span class='ocrx_word' id='word_1_462' title='bbox 891 5659 919 5703; x_wconf 89' lang='lat' dir='ltr'>tt.</span> 
     </span>
    </p>
   </div>
   <div class='ocr_carea' id='block_1_7' title="bbox 815 239 1321 310">
    <p class='ocr_par' dir='ltr' id='par_1_10' title="bbox 815 239 1321 310">
     <span class='ocr_line' id='line_1_61' title="bbox 815 239 1321 310; baseline 0.004 -14"><span class='ocrx_word' id='word_1_463' title='bbox 815 241 859 297; x_wconf 71' lang='lat' dir='ltr'>lte</span> <span class='ocrx_word' id='word_1_464' title='bbox 877 239 1071 310; x_wconf 61' lang='lat' dir='ltr'>limittatur,</span> <span class='ocrx_word' id='word_1_465' title='bbox 1090 242 1119 299; x_wconf 84' lang='lat' dir='ltr'>S.</span> <span class='ocrx_word' id='word_1_466' title='bbox 1140 239 1321 300; x_wconf 65' lang='lat' dir='ltr'>adebls&#39;ttrtt</span> 
     </span>
    </p>
   </div>
   <div class='ocr_carea' id='block_1_8' title="bbox 1087 355 1895 437">
    <p class='ocr_par' dir='ltr' id='par_1_11' title="bbox 1087 355 1895 437">
     <span class='ocr_line' id='line_1_62' title="bbox 1087 355 1895 437; baseline 0.019 -28"><span class='ocrx_word' id='word_1_467' title='bbox 1087 355 1249 427; x_wconf 74' lang='lat' dir='ltr'>arubigmrnr,</span> <span class='ocrx_word' id='word_1_468' title='bbox 1259 356 1329 412; x_wconf 91' lang='lat' dir='ltr'>uude</span> <span class='ocrx_word' id='word_1_469' title='bbox 1344 359 1369 412; x_wconf 93' lang='lat' dir='ltr'>in</span> <span class='ocrx_word' id='word_1_470' title='bbox 1383 358 1489 413; x_wconf 77' lang='lat' dir='ltr'>latiur-‚m</span> <span class='ocrx_word' id='word_1_471' title='bbox 1504 366 1641 418; x_wconf 70' lang='lat' dir='ltr'>translate</span> <span class='ocrx_word' id='word_1_472' title='bbox 1647 366 1895 437; x_wconf 68' lang='lat' dir='ltr'>mirapeuubec</span> 
     </span>
    </p>
   </div>
   <div class='ocr_carea' id='block_1_9' title="bbox 1087 444 1892 619">
    <p class='ocr_par' dir='ltr' id='par_1_12' title="bbox 1087 444 1892 619">
     <span class='ocr_line' id='line_1_63' title="bbox 1087 444 1892 529; baseline 0.017 -28"><span class='ocrx_word' id='word_1_473' title='bbox 1087 444 1202 501; x_wconf 70' lang='lat' dir='ltr'>Litterae.</span> <span class='ocrx_word' id='word_1_474' title='bbox 1218 445 1256 502; x_wconf 89' lang='lat' dir='ltr'>lbi</span> <span class='ocrx_word' id='word_1_475' title='bbox 1269 448 1365 518; x_wconf 85' lang='lat' dir='ltr'>quippe</span> <span class='ocrx_word' id='word_1_476' title='bbox 1383 451 1517 520; x_wconf 90' lang='lat' dir='ltr'>speculum</span> <span class='ocrx_word' id='word_1_477' title='bbox 1539 453 1583 509; x_wconf 90' lang='lat' dir='ltr'>ubl</span> <span class='ocrx_word' id='word_1_478' title='bbox 1601 463 1738 527; x_wconf 75' lang='lat' dir='ltr'>apparent</span> <span class='ocrx_word' id='word_1_479' title='bbox 1751 455 1892 529; x_wconf 68' lang='lat' dir='ltr'>imagines</span> 
     </span>
     <span class='ocr_line' id='line_1_64' title="bbox 1087 538 1892 619; baseline 0.021 -31"><span class='ocrx_word' id='word_1_480' title='bbox 1087 549 1195 601; x_wconf 90' lang='lat' dir='ltr'>rerum,</span> <span class='ocrx_word' id='word_1_481' title='bbox 1216 551 1231 590; x_wconf 91' lang='lat' dir='ltr'>a</span> <span class='ocrx_word' id='word_1_482' title='bbox 1246 539 1352 607; x_wconf 86' lang='lat' dir='ltr'>sperula</span> <span class='ocrx_word' id='word_1_483' title='bbox 1366 538 1398 594; x_wconf 90' lang='lat' dir='ltr'>de</span> <span class='ocrx_word' id='word_1_484' title='bbox 1412 539 1486 609; x_wconf 81' lang='lat' dir='ltr'>cttjns</span> <span class='ocrx_word' id='word_1_485' title='bbox 1498 540 1640 599; x_wconf 84' lang='lat' dir='ltr'>altitudine</span> <span class='ocrx_word' id='word_1_486' title='bbox 1656 545 1772 618; x_wconf 72' lang='lat' dir='ltr'>longius</span> <span class='ocrx_word' id='word_1_487' title='bbox 1786 548 1892 619; x_wconf 77' lang='lat' dir='ltr'>aliquid</span> 
     </span>
    </p>
   </div>
   <div class='ocr_carea' id='block_1_10' title="bbox 1087 622 1926 3802">
    <p class='ocr_par' dir='ltr' id='par_1_13' title="bbox 1087 622 1926 3313">
     <span class='ocr_line' id='line_1_65' title="bbox 1087 622 1892 709; baseline 0.025 -33"><span class='ocrx_word' id='word_1_488' title='bbox 1087 622 1237 691; x_wconf 90' lang='lat' dir='ltr'>intuemur,</span> <span class='ocrx_word' id='word_1_489' title='bbox 1253 627 1331 681; x_wconf 88' lang='lat' dir='ltr'>etiam</span> <span class='ocrx_word' id='word_1_490' title='bbox 1353 642 1419 682; x_wconf 77' lang='lat' dir='ltr'>sono</span> <span class='ocrx_word' id='word_1_491' title='bbox 1432 629 1505 684; x_wconf 82' lang='lat' dir='ltr'>uerbi</span> <span class='ocrx_word' id='word_1_492' title='bbox 1520 629 1601 686; x_wconf 89' lang='lat' dir='ltr'>distat</span> <span class='ocrx_word' id='word_1_493' title='bbox 1612 635 1750 701; x_wconf 87' lang='lat' dir='ltr'>emniuo;</span> <span class='ocrx_word' id='word_1_494' title='bbox 1765 641 1892 709; x_wconf 65' lang='lat' dir='ltr'>saumque</span> 
     </span>
     <span class='ocr_line' id='line_1_66' title="bbox 1087 715 1890 797; baseline 0.025 -32"><span class='ocrx_word' id='word_1_495' title='bbox 1087 722 1196 782; x_wconf 86' lang='lat' dir='ltr'>apparet</span> <span class='ocrx_word' id='word_1_496' title='bbox 1212 715 1366 784; x_wconf 77' lang='lat' dir='ltr'>Apostolum</span> <span class='ocrx_word' id='word_1_497' title='bbox 1378 734 1391 771; x_wconf 88' lang='lat' dir='ltr'>a</span> <span class='ocrx_word' id='word_1_498' title='bbox 1405 719 1522 788; x_wconf 88' lang='lat' dir='ltr'>speculo,</span> <span class='ocrx_word' id='word_1_499' title='bbox 1538 735 1591 776; x_wconf 92' lang='lat' dir='ltr'>nou</span> <span class='ocrx_word' id='word_1_500' title='bbox 1604 735 1619 776; x_wconf 82' lang='lat' dir='ltr'>a</span> <span class='ocrx_word' id='word_1_501' title='bbox 1633 725 1747 794; x_wconf 78' lang='lat' dir='ltr'>apecula</span> <span class='ocrx_word' id='word_1_502' title='bbox 1764 725 1890 797; x_wconf 80' lang='lat' dir='ltr'>dixisse,</span> 
     </span>
     <span class='ocr_line' id='line_1_67' title="bbox 1087 803 1891 883; baseline 0.029 -29"><span class='ocrx_word' id='word_1_503' title='bbox 1087 803 1194 872; x_wconf 75' lang='lat' dir='ltr'>pierium</span> <span class='ocrx_word' id='word_1_504' title='bbox 1203 803 1305 859; x_wconf 81' lang='lat' dir='ltr'>Dorttiui</span> <span class='ocrx_word' id='word_1_505' title='bbox 1318 811 1482 877; x_wconf 77' lang='lat' dir='ltr'>speculanter.</span> <span class='ocrx_word' id='word_1_506' title='bbox 1494 814 1569 882; x_wconf 84' lang='lat' dir='ltr'>Quod</span> <span class='ocrx_word' id='word_1_507' title='bbox 1580 831 1644 872; x_wconf 83' lang='lat' dir='ltr'>uero</span> <span class='ocrx_word' id='word_1_508' title='bbox 1653 816 1702 883; x_wconf 86' lang='lat' dir='ltr'>ait,</span> <span class='ocrx_word' id='word_1_509' title='bbox 1717 820 1755 873; x_wconf 84' lang='lat' dir='ltr'>lu</span> <span class='ocrx_word' id='word_1_510' title='bbox 1768 821 1891 876; x_wconf 77' lang='lat' dir='ltr'>eumdem</span> 
     </span>
     <span class='ocr_line' id='line_1_68' title="bbox 1087 893 1891 982; baseline 0.031 -36"><span class='ocrx_word' id='word_1_511' title='bbox 1087 893 1222 966; x_wconf 73' lang='lat' dir='ltr'>intepiuenr</span> <span class='ocrx_word' id='word_1_512' title='bbox 1245 905 1457 971; x_wconf 71' lang='lat' dir='ltr'>transformemur</span> <span class='ocrx_word' id='word_1_513' title='bbox 1469 922 1479 960; x_wconf 92' lang='grc'>.·</span> <span class='ocrx_word' id='word_1_514' title='bbox 1492 908 1581 977; x_wconf 79' lang='lat' dir='ltr'>utique</span> <span class='ocrx_word' id='word_1_515' title='bbox 1602 909 1747 982; x_wconf 72' lang='lat' dir='ltr'>imaginem</span> <span class='ocrx_word' id='word_1_516' title='bbox 1765 913 1817 970; x_wconf 80' lang='lat' dir='ltr'>bet</span> <span class='ocrx_word' id='word_1_517' title='bbox 1832 916 1891 972; x_wconf 80' lang='lat' dir='ltr'>rull</span> 
     </span>
     <span class='ocr_line' id='line_1_69' title="bbox 1090 983 1889 1072; baseline 0.033 -35"><span class='ocrx_word' id='word_1_518' title='bbox 1090 983 1211 1056; x_wconf 78' lang='lat' dir='ltr'>intelligi,</span> <span class='ocrx_word' id='word_1_519' title='bbox 1224 989 1344 1044; x_wconf 79' lang='lat' dir='ltr'>earundem</span> <span class='ocrx_word' id='word_1_520' title='bbox 1359 993 1461 1060; x_wconf 85' lang='lat' dir='ltr'>dicens,</span> <span class='ocrx_word' id='word_1_521' title='bbox 1476 998 1554 1052; x_wconf 84' lang='lat' dir='ltr'>istaut</span> <span class='ocrx_word' id='word_1_522' title='bbox 1567 999 1650 1070; x_wconf 83' lang='lat' dir='ltr'>ipsam</span> <span class='ocrx_word' id='word_1_523' title='bbox 1660 1001 1780 1069; x_wconf 81' lang='lat' dir='ltr'>scilieet,</span> <span class='ocrx_word' id='word_1_524' title='bbox 1793 1005 1889 1072; x_wconf 85' lang='lat' dir='ltr'>idest,</span> 
     </span>
     <span class='ocr_line' id='line_1_70' title="bbox 1088 1079 1889 1166; baseline 0.037 -44"><span class='ocrx_word' id='word_1_525' title='bbox 1088 1087 1167 1142; x_wconf 79' lang='lat' dir='ltr'>quiam</span> <span class='ocrx_word' id='word_1_526' title='bbox 1189 1079 1372 1146; x_wconf 61' lang='lat' dir='ltr'>speculantum</span> <span class='ocrx_word' id='word_1_527' title='bbox 1397 1085 1457 1154; x_wconf 81' lang='lat' dir='ltr'>qutiu</span> <span class='ocrx_word' id='word_1_528' title='bbox 1484 1087 1576 1142; x_wconf 87' lang='lat' dir='ltr'>eadem</span> <span class='ocrx_word' id='word_1_529' title='bbox 1596 1090 1684 1162; x_wconf 74' lang='lat' dir='ltr'>image</span> <span class='ocrx_word' id='word_1_530' title='bbox 1700 1101 1788 1150; x_wconf 81' lang='lat' dir='ltr'>estet</span> <span class='ocrx_word' id='word_1_531' title='bbox 1801 1095 1889 1166; x_wconf 69' lang='lat' dir='ltr'>plinta</span> 
     </span>
     <span class='ocr_line' id='line_1_71' title="bbox 1089 1165 1892 1250; baseline 0.032 -32"><span class='ocrx_word' id='word_1_532' title='bbox 1089 1165 1145 1230; x_wconf 85' lang='lat' dir='ltr'>Dei,</span> <span class='ocrx_word' id='word_1_533' title='bbox 1169 1167 1236 1222; x_wconf 89' lang='lat' dir='ltr'>sieut</span> <span class='ocrx_word' id='word_1_534' title='bbox 1260 1172 1322 1225; x_wconf 90' lang='lat' dir='ltr'>alibi</span> <span class='ocrx_word' id='word_1_535' title='bbox 1346 1174 1425 1238; x_wconf 83' lang='lat' dir='ltr'>dicit,</span> <span class='ocrx_word' id='word_1_536' title='bbox 1446 1175 1492 1230; x_wconf 75' lang='grc' dir='ltr'>ιιι</span> <span class='ocrx_word' id='word_1_537' title='bbox 1511 1180 1611 1250; x_wconf 76' lang='lat' dir='ltr'>quidem</span> <span class='ocrx_word' id='word_1_538' title='bbox 1634 1198 1684 1237; x_wconf 90' lang='lat' dir='ltr'>nen</span> <span class='ocrx_word' id='word_1_539' title='bbox 1709 1183 1788 1241; x_wconf 78' lang='lat' dir='ltr'>debet</span> <span class='ocrx_word' id='word_1_540' title='bbox 1803 1187 1892 1244; x_wconf 73' lang='lat' dir='ltr'>aeluro</span> 
     </span>
     <span class='ocr_line' id='line_1_72' title="bbox 1089 1265 1889 1350; baseline 0.031 -40"><span class='ocrx_word' id='word_1_541' title='bbox 1089 1267 1165 1327; x_wconf 83' lang='lat' dir='ltr'>copul</span> <span class='ocrx_word' id='word_1_542' title='bbox 1176 1276 1260 1324; x_wconf 87' lang='lat' dir='ltr'>ruunt,</span> <span class='ocrx_word' id='word_1_543' title='bbox 1273 1278 1329 1316; x_wconf 85' lang='lat' dir='ltr'>cum</span> <span class='ocrx_word' id='word_1_544' title='bbox 1342 1265 1373 1320; x_wconf 82' lang='lat' dir='ltr'>til</span> <span class='ocrx_word' id='word_1_545' title='bbox 1387 1267 1470 1339; x_wconf 75' lang='lat' dir='ltr'>iutupo</span> <span class='ocrx_word' id='word_1_546' title='bbox 1481 1279 1504 1323; x_wconf 86' lang='lat' dir='ltr'>rt</span> <span class='ocrx_word' id='word_1_547' title='bbox 1515 1269 1598 1340; x_wconf 78' lang='lat' dir='ltr'>pieria</span> <span class='ocrx_word' id='word_1_548' title='bbox 1608 1271 1654 1327; x_wconf 76' lang='lat' dir='ltr'>brt</span> <span class='ocrx_word' id='word_1_549' title='bbox 1667 1273 1687 1339; x_wconf 80' lang='lat' dir='ltr'>ll</span> <span class='ocrx_word' id='word_1_550' title='bbox 1700 1273 1765 1331; x_wconf 83' lang='lat' dir='ltr'>Cor.</span> <span class='ocrx_word' id='word_1_551' title='bbox 1781 1293 1822 1341; x_wconf 72' lang='grc' dir='ltr'>ιι,</span> <span class='ocrx_word' id='word_1_552' title='bbox 1840 1279 1889 1350; x_wconf 83' lang='lat'>7):</span> 
     </span>
     <span class='ocr_line' id='line_1_73' title="bbox 1089 1346 1889 1428; baseline 0.035 -29"><span class='ocrx_word' id='word_1_553' title='bbox 1089 1346 1233 1418; x_wconf 82' lang='lat' dir='ltr'>dequibus</span> <span class='ocrx_word' id='word_1_554' title='bbox 1248 1353 1335 1409; x_wconf 88' lang='lat' dir='ltr'>rcrbis</span> <span class='ocrx_word' id='word_1_555' title='bbox 1355 1357 1410 1425; x_wconf 82' lang='lat' dir='ltr'>jaun</span> <span class='ocrx_word' id='word_1_556' title='bbox 1431 1361 1457 1415; x_wconf 92' lang='lat' dir='ltr'>in</span> <span class='ocrx_word' id='word_1_557' title='bbox 1480 1362 1547 1416; x_wconf 93' lang='lat' dir='ltr'>libre</span> <span class='ocrx_word' id='word_1_558' title='bbox 1566 1363 1725 1425; x_wconf 88' lang='lat' dir='ltr'>duodecime</span> <span class='ocrx_word' id='word_1_559' title='bbox 1749 1369 1889 1428; x_wconf 85' lang='lat' dir='ltr'>disserui·</span> 
     </span>
     <span class='ocr_line' id='line_1_74' title="bbox 1093 1437 1889 1519; baseline 0.038 -31"><span class='ocrx_word' id='word_1_560' title='bbox 1093 1452 1161 1491; x_wconf 91' lang='lat' dir='ltr'>tuus.</span> <span class='ocrx_word' id='word_1_561' title='bbox 1177 1437 1399 1512; x_wconf 74' lang='lat' dir='ltr'>Trunrsorurenrur</span> <span class='ocrx_word' id='word_1_562' title='bbox 1417 1464 1480 1519; x_wconf 77' lang='lat' dir='ltr'>ergo</span> <span class='ocrx_word' id='word_1_563' title='bbox 1492 1451 1616 1518; x_wconf 84' lang='lat' dir='ltr'>dicil,·de</span> <span class='ocrx_word' id='word_1_564' title='bbox 1628 1454 1713 1512; x_wconf 84' lang='lat' dir='ltr'>lortnt</span> <span class='ocrx_word' id='word_1_565' title='bbox 1726 1458 1756 1514; x_wconf 91' lang='lat' dir='ltr'>in</span> <span class='ocrx_word' id='word_1_566' title='bbox 1770 1460 1889 1517; x_wconf 83' lang='lat' dir='ltr'>termam</span> 
     </span>
     <span class='ocr_line' id='line_1_75' title="bbox 1090 1538 1890 1611; baseline 0.035 -30"><span class='ocrx_word' id='word_1_567' title='bbox 1090 1538 1248 1611; x_wconf 72' lang='lat' dir='ltr'>mutantur,</span> <span class='ocrx_word' id='word_1_568' title='bbox 1259 1543 1337 1605; x_wconf 84' lang='lat' dir='ltr'>atque</span> <span class='ocrx_word' id='word_1_569' title='bbox 1353 1541 1494 1596; x_wconf 89' lang='lat' dir='ltr'>transimus</span> <span class='ocrx_word' id='word_1_570' title='bbox 1507 1543 1540 1599; x_wconf 89' lang='lat' dir='ltr'>tle</span> <span class='ocrx_word' id='word_1_571' title='bbox 1554 1544 1637 1601; x_wconf 84' lang='lat' dir='ltr'>lerma</span> <span class='ocrx_word' id='word_1_572' title='bbox 1652 1546 1771 1605; x_wconf 82' lang='lat' dir='ltr'>obseura</span> <span class='ocrx_word' id='word_1_573' title='bbox 1787 1550 1814 1607; x_wconf 92' lang='lat' dir='ltr'>in</span> <span class='ocrx_word' id='word_1_574' title='bbox 1831 1551 1890 1609; x_wconf 82' lang='lat' dir='ltr'>lor·</span> 
     </span>
     <span class='ocr_line' id='line_1_76' title="bbox 1090 1622 1888 1711; baseline 0.034 -37"><span class='ocrx_word' id='word_1_575' title='bbox 1090 1636 1160 1675; x_wconf 91' lang='lat' dir='ltr'>utum</span> <span class='ocrx_word' id='word_1_576' title='bbox 1176 1622 1304 1692; x_wconf 91' lang='lat' dir='ltr'>lucidam;</span> <span class='ocrx_word' id='word_1_577' title='bbox 1319 1629 1378 1698; x_wconf 81' lang='lat' dir='ltr'>qnia</span> <span class='ocrx_word' id='word_1_578' title='bbox 1394 1638 1420 1685; x_wconf 88' lang='lat' dir='ltr'>ct</span> <span class='ocrx_word' id='word_1_579' title='bbox 1440 1632 1495 1700; x_wconf 88' lang='lat' dir='ltr'>ipsa</span> <span class='ocrx_word' id='word_1_580' title='bbox 1511 1634 1639 1703; x_wconf 89' lang='lat' dir='ltr'>obscura,</span> <span class='ocrx_word' id='word_1_581' title='bbox 1659 1638 1750 1710; x_wconf 73' lang='lat' dir='ltr'>imago</span> <span class='ocrx_word' id='word_1_582' title='bbox 1763 1641 1813 1698; x_wconf 76' lang='lat' dir='ltr'>bet</span> <span class='ocrx_word' id='word_1_583' title='bbox 1826 1654 1888 1711; x_wconf 63' lang='lat' dir='ltr'>eru</span> 
     </span>
     <span class='ocr_line' id='line_1_77' title="bbox 1090 1711 1889 1800; baseline 0.034 -37"><span class='ocrx_word' id='word_1_584' title='bbox 1090 1711 1153 1764; x_wconf 89' lang='lat' dir='ltr'>etsi</span> <span class='ocrx_word' id='word_1_585' title='bbox 1169 1712 1271 1783; x_wconf 78' lang='lat' dir='ltr'>imagi),</span> <span class='ocrx_word' id='word_1_586' title='bbox 1288 1716 1407 1786; x_wconf 80' lang='lat' dir='ltr'>prolecto</span> <span class='ocrx_word' id='word_1_587' title='bbox 1426 1723 1505 1778; x_wconf 88' lang='lat' dir='ltr'>etiarn</span> <span class='ocrx_word' id='word_1_588' title='bbox 1524 1726 1626 1795; x_wconf 73' lang='lat' dir='ltr'>gloria,</span> <span class='ocrx_word' id='word_1_589' title='bbox 1651 1728 1677 1783; x_wconf 92' lang='lat' dir='ltr'>in</span> <span class='ocrx_word' id='word_1_590' title='bbox 1691 1745 1745 1800; x_wconf 83' lang='lat' dir='ltr'>qua</span> <span class='ocrx_word' id='word_1_591' title='bbox 1759 1731 1889 1790; x_wconf 78' lang='lat' dir='ltr'>beurunes</span> 
     </span>
     <span class='ocr_line' id='line_1_78' title="bbox 1090 1801 1888 1895; baseline 0.035 -42"><span class='ocrx_word' id='word_1_592' title='bbox 1090 1801 1170 1855; x_wconf 82' lang='lat' dir='ltr'>eretti</span> <span class='ocrx_word' id='word_1_593' title='bbox 1184 1814 1286 1871; x_wconf 83' lang='lat' dir='ltr'>sununs,</span> <span class='ocrx_word' id='word_1_594' title='bbox 1302 1819 1456 1875; x_wconf 71' lang='lat' dir='ltr'>prestantes</span> <span class='ocrx_word' id='word_1_595' title='bbox 1469 1816 1573 1870; x_wconf 74' lang='lat' dir='ltr'>ceteris</span> <span class='ocrx_word' id='word_1_596' title='bbox 1586 1816 1757 1875; x_wconf 80' lang='lat' dir='ltr'>animalibus.</span> <span class='ocrx_word' id='word_1_597' title='bbox 1773 1822 1814 1879; x_wconf 84' lang='lat' dir='ltr'>[le</span> <span class='ocrx_word' id='word_1_598' title='bbox 1830 1825 1888 1895; x_wconf 80' lang='lat' dir='ltr'>ipra</span> 
     </span>
     <span class='ocr_line' id='line_1_79' title="bbox 1088 1891 1888 1981; baseline 0.034 -38"><span class='ocrx_word' id='word_1_599' title='bbox 1088 1891 1191 1960; x_wconf 78' lang='lat' dir='ltr'>uuippc</span> <span class='ocrx_word' id='word_1_600' title='bbox 1213 1902 1305 1950; x_wconf 86' lang='lat' dir='ltr'>natura</span> <span class='ocrx_word' id='word_1_601' title='bbox 1325 1896 1440 1956; x_wconf 89' lang='lat' dir='ltr'>bumana</span> <span class='ocrx_word' id='word_1_602' title='bbox 1452 1898 1559 1960; x_wconf 73' lang='lat' dir='ltr'>&#39;dictum</span> <span class='ocrx_word' id='word_1_603' title='bbox 1573 1914 1628 1973; x_wconf 89' lang='lat' dir='ltr'>est,</span> <span class='ocrx_word' id='word_1_604' title='bbox 1653 1905 1699 1962; x_wconf 86' lang='lat' dir='ltr'>Vir</span> <span class='ocrx_word' id='word_1_605' title='bbox 1711 1911 1820 1981; x_wconf 82' lang='lat' dir='ltr'>paridem</span> <span class='ocrx_word' id='word_1_606' title='bbox 1835 1932 1888 1971; x_wconf 86' lang='lat' dir='ltr'>nort</span> 
     </span>
     <span class='ocr_line' id='line_1_80' title="bbox 1093 1979 1888 2076; baseline 0.038 -43"><span class='ocrx_word' id='word_1_607' title='bbox 1093 1979 1165 2036; x_wconf 81' lang='lat' dir='ltr'>debet</span> <span class='ocrx_word' id='word_1_608' title='bbox 1184 1983 1266 2039; x_wconf 85' lang='lat' dir='ltr'>celere</span> <span class='ocrx_word' id='word_1_609' title='bbox 1285 1998 1379 2056; x_wconf 83' lang='lat' dir='ltr'>caput,</span> <span class='ocrx_word' id='word_1_610' title='bbox 1398 2008 1456 2047; x_wconf 87' lang='lat' dir='ltr'>rum</span> <span class='ocrx_word' id='word_1_611' title='bbox 1470 1995 1502 2048; x_wconf 88' lang='lat' dir='ltr'>rit</span> <span class='ocrx_word' id='word_1_612' title='bbox 1516 1995 1600 2068; x_wconf 74' lang='lat' dir='ltr'>iutope</span> <span class='ocrx_word' id='word_1_613' title='bbox 1615 2007 1638 2053; x_wconf 83' lang='lat' dir='ltr'>et</span> <span class='ocrx_word' id='word_1_614' title='bbox 1648 1999 1731 2070; x_wconf 78' lang='lat' dir='ltr'>pierio</span> <span class='ocrx_word' id='word_1_615' title='bbox 1742 2002 1804 2061; x_wconf 67' lang='lat' dir='ltr'>me.</span> <span class='ocrx_word' id='word_1_616' title='bbox 1819 2006 1888 2076; x_wconf 76' lang='lat' dir='ltr'>Qum</span> 
     </span>
     <span class='ocr_line' id='line_1_81' title="bbox 1092 2075 1888 2159; baseline 0.039 -35"><span class='ocrx_word' id='word_1_617' title='bbox 1092 2080 1185 2128; x_wconf 89' lang='lat' dir='ltr'>natura</span> <span class='ocrx_word' id='word_1_618' title='bbox 1199 2075 1225 2128; x_wconf 91' lang='lat' dir='ltr'>iu</span> <span class='ocrx_word' id='word_1_619' title='bbox 1241 2077 1321 2133; x_wconf 92' lang='lat' dir='ltr'>rebus</span> <span class='ocrx_word' id='word_1_620' title='bbox 1333 2083 1431 2137; x_wconf 87' lang='lat' dir='ltr'>creatis</span> <span class='ocrx_word' id='word_1_621' title='bbox 1450 2086 1693 2159; x_wconf 80' lang='lat' dir='ltr'>excellentissima,</span> <span class='ocrx_word' id='word_1_622' title='bbox 1713 2108 1778 2150; x_wconf 89' lang='lat' dir='ltr'>cunr</span> <span class='ocrx_word' id='word_1_623' title='bbox 1797 2111 1816 2151; x_wconf 84' lang='lat' dir='ltr'>a</span> <span class='ocrx_word' id='word_1_624' title='bbox 1836 2113 1888 2156; x_wconf 84' lang='lat' dir='ltr'>suo</span> 
     </span>
     <span class='ocr_line' id='line_1_82' title="bbox 1090 2163 1887 2246; baseline 0.034 -29"><span class='ocrx_word' id='word_1_625' title='bbox 1090 2163 1217 2220; x_wconf 79' lang='lat' dir='ltr'>creatore</span> <span class='ocrx_word' id='word_1_626' title='bbox 1236 2168 1271 2222; x_wconf 85' lang='lat' dir='ltr'>ab</span> <span class='ocrx_word' id='word_1_627' title='bbox 1291 2169 1426 2240; x_wconf 85' lang='lat' dir='ltr'>impietate</span> <span class='ocrx_word' id='word_1_628' title='bbox 1442 2173 1616 2246; x_wconf 73' lang='lat' dir='ltr'>iustillcatur,</span> <span class='ocrx_word' id='word_1_629' title='bbox 1632 2194 1648 2234; x_wconf 94' lang='lat' dir='ltr'>a</span> <span class='ocrx_word' id='word_1_630' title='bbox 1665 2179 1782 2239; x_wconf 77' lang='lat' dir='ltr'>deformi</span> <span class='ocrx_word' id='word_1_631' title='bbox 1796 2184 1887 2244; x_wconf 86' lang='lat' dir='ltr'>lerma</span> 
     </span>
     <span class='ocr_line' id='line_1_83' title="bbox 1091 2252 1926 2357; baseline 0.036 -49"><span class='ocrx_word' id='word_1_632' title='bbox 1091 2252 1233 2311; x_wconf 74' lang='lat' dir='ltr'>ltrrmosam</span> <span class='ocrx_word' id='word_1_633' title='bbox 1256 2259 1414 2317; x_wconf 82' lang='lat' dir='ltr'>translertur</span> <span class='ocrx_word' id='word_1_634' title='bbox 1437 2264 1462 2319; x_wconf 93' lang='lat' dir='ltr'>iu</span> <span class='ocrx_word' id='word_1_635' title='bbox 1485 2263 1607 2322; x_wconf 80' lang='lat' dir='ltr'>sormam.</span> <span class='ocrx_word' id='word_1_636' title='bbox 1626 2268 1674 2326; x_wconf 77' lang='lat' dir='ltr'>list</span> <span class='ocrx_word' id='word_1_637' title='bbox 1693 2273 1794 2345; x_wconf 82' lang='lat' dir='ltr'>quippe</span> <span class='ocrx_word' id='word_1_638' title='bbox 1813 2287 1846 2334; x_wconf 88' lang='lat' dir='ltr'>et</span> <span class='ocrx_word' id='word_1_639' title='bbox 1859 2279 1886 2337; x_wconf 89' lang='lat' dir='ltr'>itt</span> <span class='ocrx_word' id='word_1_640' title='bbox 1920 2343 1926 2357; x_wconf 57' lang='lat'>‚</span> 
     </span>
     <span class='ocr_line' id='line_1_84' title="bbox 1091 2345 1885 2434; baseline 0.037 -34"><span class='ocrx_word' id='word_1_641' title='bbox 1091 2345 1146 2416; x_wconf 73' lang='lat' dir='ltr'>ipsa</span> <span class='ocrx_word' id='word_1_642' title='bbox 1159 2347 1302 2418; x_wconf 88' lang='lat' dir='ltr'>impietate,</span> <span class='ocrx_word' id='word_1_643' title='bbox 1316 2364 1415 2422; x_wconf 81' lang='lat' dir='ltr'>errante</span> <span class='ocrx_word' id='word_1_644' title='bbox 1430 2359 1513 2429; x_wconf 80' lang='lat' dir='ltr'>magis</span> <span class='ocrx_word' id='word_1_645' title='bbox 1526 2359 1676 2420; x_wconf 90' lang='lat' dir='ltr'>damnabile</span> <span class='ocrx_word' id='word_1_646' title='bbox 1685 2366 1791 2434; x_wconf 82' lang='lat' dir='ltr'>uitium,</span> <span class='ocrx_word' id='word_1_647' title='bbox 1809 2380 1885 2431; x_wconf 87' lang='lat' dir='ltr'>tante</span> 
     </span>
     <span class='ocr_line' id='line_1_85' title="bbox 1088 2439 1886 2529; baseline 0.039 -39"><span class='ocrx_word' id='word_1_648' title='bbox 1088 2439 1190 2494; x_wconf 78' lang='lat' dir='ltr'>&#39;certius</span> <span class='ocrx_word' id='word_1_649' title='bbox 1204 2450 1297 2497; x_wconf 90' lang='lat' dir='ltr'>uatura</span> <span class='ocrx_word' id='word_1_650' title='bbox 1316 2443 1465 2503; x_wconf 87' lang='lat' dir='ltr'>laudabilis.</span> <span class='ocrx_word' id='word_1_651' title='bbox 1486 2450 1519 2505; x_wconf 86' lang='lat' dir='ltr'>Et</span> <span class='ocrx_word' id='word_1_652' title='bbox 1533 2462 1643 2524; x_wconf 75' lang='lat' dir='ltr'>propter</span> <span class='ocrx_word' id='word_1_653' title='bbox 1656 2455 1707 2512; x_wconf 91' lang='lat' dir='ltr'>boc</span> <span class='ocrx_word' id='word_1_654' title='bbox 1718 2459 1838 2529; x_wconf 80' lang='lat' dir='ltr'>eddidit,</span> <span class='ocrx_word' id='word_1_655' title='bbox 1854 2467 1886 2520; x_wconf 82' lang='lat' dir='ltr'>dr</span> 
     </span>
     <span class='ocr_line' id='line_1_86' title="bbox 1090 2526 1885 2621; baseline 0.042 -42"><span class='ocrx_word' id='word_1_656' title='bbox 1090 2526 1174 2598; x_wconf 71' lang='lat' dir='ltr'>pierio</span> <span class='ocrx_word' id='word_1_657' title='bbox 1195 2528 1222 2584; x_wconf 92' lang='lat' dir='ltr'>iu</span> <span class='ocrx_word' id='word_1_658' title='bbox 1245 2532 1353 2602; x_wconf 77' lang='lat' dir='ltr'>pierium</span> <span class='ocrx_word' id='word_1_659' title='bbox 1368 2551 1378 2590; x_wconf 90' lang='lat'>.·</span> <span class='ocrx_word' id='word_1_660' title='bbox 1392 2537 1426 2593; x_wconf 90' lang='lat' dir='ltr'>de</span> <span class='ocrx_word' id='word_1_661' title='bbox 1448 2539 1532 2610; x_wconf 77' lang='lat' dir='ltr'>gloria</span> <span class='ocrx_word' id='word_1_662' title='bbox 1556 2545 1698 2602; x_wconf 86' lang='lat' dir='ltr'>creationis</span> <span class='ocrx_word' id='word_1_663' title='bbox 1721 2548 1748 2604; x_wconf 94' lang='lat' dir='ltr'>iu</span> <span class='ocrx_word' id='word_1_664' title='bbox 1769 2552 1885 2621; x_wconf 70' lang='lat' dir='ltr'>gloriam</span> 
     </span>
     <span class='ocr_line' id='line_1_87' title="bbox 1088 2615 1885 2702; baseline 0.041 -33"><span class='ocrx_word' id='word_1_665' title='bbox 1088 2615 1296 2686; x_wconf 75' lang='lat' dir='ltr'>justificationis.</span> <span class='ocrx_word' id='word_1_666' title='bbox 1316 2624 1443 2692; x_wconf 83' lang='lat' dir='ltr'>Quamvis</span> <span class='ocrx_word' id='word_1_667' title='bbox 1458 2633 1541 2700; x_wconf 80' lang='lat' dir='ltr'>possit</span> <span class='ocrx_word' id='word_1_668' title='bbox 1554 2633 1605 2690; x_wconf 91' lang='lat' dir='ltr'>boe</span> <span class='ocrx_word' id='word_1_669' title='bbox 1624 2645 1651 2692; x_wconf 88' lang='lat' dir='ltr'>et</span> <span class='ocrx_word' id='word_1_670' title='bbox 1663 2637 1724 2694; x_wconf 80' lang='lat' dir='ltr'>aliie</span> <span class='ocrx_word' id='word_1_671' title='bbox 1736 2642 1828 2700; x_wconf 83' lang='lat' dir='ltr'>medis</span> <span class='ocrx_word' id='word_1_672' title='bbox 1838 2631 1885 2702; x_wconf 56' lang='lat' dir='ltr'>&#39;in-</span> 
     </span>
     <span class='ocr_line' id='line_1_88' title="bbox 1092 2706 1884 2802; baseline 0.043 -42"><span class='ocrx_word' id='word_1_673' title='bbox 1092 2706 1189 2780; x_wconf 72' lang='lat' dir='ltr'>tellipi‚</span> <span class='ocrx_word' id='word_1_674' title='bbox 1214 2716 1283 2782; x_wconf 84' lang='lat' dir='ltr'>quod</span> <span class='ocrx_word' id='word_1_675' title='bbox 1303 2715 1402 2772; x_wconf 89' lang='lat' dir='ltr'>dictum</span> <span class='ocrx_word' id='word_1_676' title='bbox 1424 2729 1481 2786; x_wconf 91' lang='lat' dir='ltr'>est,</span> <span class='ocrx_word' id='word_1_677' title='bbox 1506 2722 1538 2778; x_wconf 84' lang='lat' dir='ltr'>de</span> <span class='ocrx_word' id='word_1_678' title='bbox 1555 2726 1638 2796; x_wconf 79' lang='lat' dir='ltr'>pieria</span> <span class='ocrx_word' id='word_1_679' title='bbox 1654 2728 1681 2784; x_wconf 85' lang='lat' dir='ltr'>in</span> <span class='ocrx_word' id='word_1_680' title='bbox 1702 2731 1884 2802; x_wconf 74' lang='lat' dir='ltr'>plerimrde</span> 
     </span>
     <span class='ocr_line' id='line_1_89' title="bbox 1090 2799 1884 2894; baseline 0.043 -42"><span class='ocrx_word' id='word_1_681' title='bbox 1090 2799 1172 2869; x_wconf 73' lang='lat' dir='ltr'>gloria</span> <span class='ocrx_word' id='word_1_682' title='bbox 1185 2802 1245 2858; x_wconf 89' lang='lat' dir='ltr'>lldci</span> <span class='ocrx_word' id='word_1_683' title='bbox 1259 2804 1285 2860; x_wconf 91' lang='lat' dir='ltr'>iu</span> <span class='ocrx_word' id='word_1_684' title='bbox 1298 2807 1409 2876; x_wconf 78' lang='lat' dir='ltr'>gloriam</span> <span class='ocrx_word' id='word_1_685' title='bbox 1422 2814 1537 2882; x_wconf 87' lang='lat' dir='ltr'>speciei;</span> <span class='ocrx_word' id='word_1_686' title='bbox 1555 2816 1589 2872; x_wconf 90' lang='lat' dir='ltr'>dc</span> <span class='ocrx_word' id='word_1_687' title='bbox 1601 2818 1684 2889; x_wconf 73' lang='lat' dir='ltr'>glorie</span> <span class='ocrx_word' id='word_1_688' title='bbox 1696 2836 1749 2894; x_wconf 80' lang='lat' dir='ltr'>qua</span> <span class='ocrx_word' id='word_1_689' title='bbox 1768 2824 1819 2882; x_wconf 78' lang='lat' dir='ltr'>dlii</span> <span class='ocrx_word' id='word_1_690' title='bbox 1834 2828 1884 2886; x_wconf 78' lang='lat' dir='ltr'>uu</span> 
     </span>
     <span class='ocr_line' id='line_1_90' title="bbox 1090 2896 1884 2987; baseline 0.042 -43"><span class='ocrx_word' id='word_1_691' title='bbox 1090 2906 1197 2960; x_wconf 89' lang='lat' dir='ltr'>sumus,</span> <span class='ocrx_word' id='word_1_692' title='bbox 1219 2896 1245 2950; x_wconf 93' lang='lat' dir='ltr'>in</span> <span class='ocrx_word' id='word_1_693' title='bbox 1262 2897 1374 2967; x_wconf 76' lang='lat' dir='ltr'>gloriam</span> <span class='ocrx_word' id='word_1_694' title='bbox 1394 2918 1445 2972; x_wconf 84' lang='lat' dir='ltr'>qua</span> <span class='ocrx_word' id='word_1_695' title='bbox 1467 2905 1567 2962; x_wconf 89' lang='lat' dir='ltr'>similes</span> <span class='ocrx_word' id='word_1_696' title='bbox 1581 2908 1605 2963; x_wconf 90' lang='lat' dir='ltr'>ei</span> <span class='ocrx_word' id='word_1_697' title='bbox 1620 2911 1737 2981; x_wconf 86' lang='lat' dir='ltr'>erimus,</span> <span class='ocrx_word' id='word_1_698' title='bbox 1753 2919 1884 2987; x_wconf 78' lang='lat' dir='ltr'>quenimu</span> 
     </span>
     <span class='ocr_line' id='line_1_91' title="bbox 1090 2981 1883 3074; baseline 0.038 -39"><span class='ocrx_word' id='word_1_699' title='bbox 1090 2981 1237 3040; x_wconf 86' lang='lat' dir='ltr'>ridebimus</span> <span class='ocrx_word' id='word_1_700' title='bbox 1252 3004 1311 3043; x_wconf 88' lang='lat' dir='ltr'>eum</span> <span class='ocrx_word' id='word_1_701' title='bbox 1334 2991 1411 3047; x_wconf 86' lang='lat' dir='ltr'>sicuti</span> <span class='ocrx_word' id='word_1_702' title='bbox 1432 3003 1472 3050; x_wconf 88' lang='lat' dir='ltr'>est</span> <span class='ocrx_word' id='word_1_703' title='bbox 1487 2995 1508 3068; x_wconf 93' lang='grc' dir='ltr'>(Ι</span> <span class='ocrx_word' id='word_1_704' title='bbox 1521 2996 1600 3053; x_wconf 78' lang='lat' dir='ltr'>loen.</span> <span class='ocrx_word' id='word_1_705' title='bbox 1611 3016 1649 3068; x_wconf 89' lang='lat' dir='ltr'>ut,</span> <span class='ocrx_word' id='word_1_706' title='bbox 1669 3001 1708 3074; x_wconf 73' lang='grc' dir='ltr'>Ξ).</span> <span class='ocrx_word' id='word_1_707' title='bbox 1722 3004 1801 3072; x_wconf 82' lang='lat' dir='ltr'>Quod</span> <span class='ocrx_word' id='word_1_708' title='bbox 1817 3023 1883 3065; x_wconf 80' lang='lat' dir='ltr'>vcro</span> 
     </span>
     <span class='ocr_line' id='line_1_92' title="bbox 1090 3071 1882 3168; baseline 0.038 -41"><span class='ocrx_word' id='word_1_709' title='bbox 1090 3071 1223 3144; x_wconf 79' lang='lat' dir='ltr'>adjunxit,</span> <span class='ocrx_word' id='word_1_710' title='bbox 1238 3086 1356 3150; x_wconf 81' lang='lat' dir='ltr'>tnaprraur</span> <span class='ocrx_word' id='word_1_711' title='bbox 1374 3098 1392 3136; x_wconf 88' lang='lat' dir='ltr'>u</span> <span class='ocrx_word' id='word_1_712' title='bbox 1411 3082 1517 3142; x_wconf 84' lang='lat' dir='ltr'>Domini</span> <span class='ocrx_word' id='word_1_713' title='bbox 1531 3089 1649 3159; x_wconf 62' lang='lat' dir='ltr'>spirim</span> <span class='ocrx_word' id='word_1_714' title='bbox 1663 3096 1782 3151; x_wconf 88' lang='lat' dir='ltr'>ostendit</span> <span class='ocrx_word' id='word_1_715' title='bbox 1795 3102 1882 3168; x_wconf 72' lang='lat' dir='ltr'>gratia</span> 
     </span>
     <span class='ocr_line' id='line_1_93' title="bbox 1092 3165 1883 3250; baseline 0.039 -32"><span class='ocrx_word' id='word_1_716' title='bbox 1092 3165 1137 3220; x_wconf 83' lang='lat' dir='ltr'>llei</span> <span class='ocrx_word' id='word_1_717' title='bbox 1164 3168 1240 3225; x_wconf 90' lang='lat' dir='ltr'>nubis</span> <span class='ocrx_word' id='word_1_718' title='bbox 1263 3172 1378 3229; x_wconf 86' lang='lat' dir='ltr'>conlerri</span> <span class='ocrx_word' id='word_1_719' title='bbox 1406 3183 1458 3231; x_wconf 90' lang='lat' dir='ltr'>tam</span> <span class='ocrx_word' id='word_1_720' title='bbox 1484 3179 1610 3250; x_wconf 87' lang='lat' dir='ltr'>optabilis</span> <span class='ocrx_word' id='word_1_721' title='bbox 1637 3186 1883 3249; x_wconf 77' lang='lat' dir='ltr'>transformationis</span> 
     </span>
     <span class='ocr_line' id='line_1_94' title="bbox 1091 3273 1198 3313; baseline 0 -3"><span class='ocrx_word' id='word_1_722' title='bbox 1091 3273 1198 3313; x_wconf 68' lang='lat' dir='ltr'>riarium.</span> 
     </span>
    </p>

    <p class='ocr_par' dir='ltr' id='par_1_14' title="bbox 1090 3346 1883 3802">
     <span class='ocr_line' id='line_1_95' title="bbox 1124 3346 1882 3441; baseline 0.041 -40"><span class='ocrx_word' id='word_1_723' title='bbox 1124 3346 1239 3406; x_wconf 72' lang='lat' dir='ltr'>CAPUT</span> <span class='ocrx_word' id='word_1_724' title='bbox 1265 3353 1309 3408; x_wconf 76' lang='lat' dir='ltr'>lx.</span> <span class='ocrx_word' id='word_1_725' title='bbox 1322 3385 1359 3396; x_wconf 97' lang='lat'>-</span> <span class='ocrx_word' id='word_1_726' title='bbox 1371 3356 1413 3414; x_wconf 78' lang='lat' dir='ltr'>lb.</span> <span class='ocrx_word' id='word_1_727' title='bbox 1435 3357 1475 3414; x_wconf 79' lang='lat' dir='ltr'>Dr</span> <span class='ocrx_word' id='word_1_728' title='bbox 1492 3362 1625 3433; x_wconf 82' lang='lat' dir='ltr'>tenipntate</span> <span class='ocrx_word' id='word_1_729' title='bbox 1644 3375 1667 3422; x_wconf 87' lang='lat' dir='ltr'>et</span> <span class='ocrx_word' id='word_1_730' title='bbox 1684 3371 1789 3441; x_wconf 74' lang='lat' dir='ltr'>tropicis</span> <span class='ocrx_word' id='word_1_731' title='bbox 1810 3375 1882 3431; x_wconf 76' lang='lat' dir='ltr'>lece·</span> 
     </span>
     <span class='ocr_line' id='line_1_96' title="bbox 1091 3437 1879 3535; baseline 0.043 -46"><span class='ocrx_word' id='word_1_732' title='bbox 1091 3437 1208 3494; x_wconf 81' lang='lat' dir='ltr'>tinuiim.</span> <span class='ocrx_word' id='word_1_733' title='bbox 1223 3441 1286 3498; x_wconf 80' lang='lat' dir='ltr'>ttue</span> <span class='ocrx_word' id='word_1_734' title='bbox 1300 3445 1368 3501; x_wconf 89' lang='lat' dir='ltr'>dicta</span> <span class='ocrx_word' id='word_1_735' title='bbox 1382 3458 1445 3505; x_wconf 91' lang='lat' dir='ltr'>sunt</span> <span class='ocrx_word' id='word_1_736' title='bbox 1459 3462 1568 3521; x_wconf 91' lang='lat' dir='ltr'>prepter</span> <span class='ocrx_word' id='word_1_737' title='bbox 1580 3457 1650 3526; x_wconf 86' lang='lat' dir='ltr'>qued</span> <span class='ocrx_word' id='word_1_738' title='bbox 1663 3459 1701 3514; x_wconf 91' lang='lat' dir='ltr'>ail</span> <span class='ocrx_word' id='word_1_739' title='bbox 1713 3460 1879 3535; x_wconf 78' lang='lat' dir='ltr'>Apostolus,</span> 
     </span>
     <span class='ocr_line' id='line_1_97' title="bbox 1091 3534 1881 3624; baseline 0.041 -44"><span class='ocrx_word' id='word_1_740' title='bbox 1091 3543 1158 3582; x_wconf 83' lang='lat' dir='ltr'>rrurrc</span> <span class='ocrx_word' id='word_1_741' title='bbox 1172 3547 1217 3599; x_wconf 81' lang='lat' dir='ltr'>per</span> <span class='ocrx_word' id='word_1_742' title='bbox 1230 3534 1360 3602; x_wconf 80' lang='lat' dir='ltr'>speculum</span> <span class='ocrx_word' id='word_1_743' title='bbox 1374 3552 1422 3592; x_wconf 90' lang='lat' dir='ltr'>nos</span> <span class='ocrx_word' id='word_1_744' title='bbox 1436 3539 1536 3597; x_wconf 87' lang='lat' dir='ltr'>uidere.</span> <span class='ocrx_word' id='word_1_745' title='bbox 1553 3544 1619 3612; x_wconf 83' lang='lat' dir='ltr'>Quia</span> <span class='ocrx_word' id='word_1_746' title='bbox 1634 3561 1699 3604; x_wconf 85' lang='lat' dir='ltr'>uere</span> <span class='ocrx_word' id='word_1_747' title='bbox 1712 3549 1834 3624; x_wconf 88' lang='lat' dir='ltr'>addidit,</span> <span class='ocrx_word' id='word_1_748' title='bbox 1854 3556 1881 3612; x_wconf 87' lang='lat' dir='ltr'>iu</span> 
     </span>
     <span class='ocr_line' id='line_1_98' title="bbox 1090 3622 1882 3710; baseline 0.04 -36"><span class='ocrx_word' id='word_1_749' title='bbox 1090 3622 1243 3692; x_wconf 53' lang='lat' dir='ltr'>erupturum·</span> <span class='ocrx_word' id='word_1_750' title='bbox 1260 3628 1350 3684; x_wconf 87' lang='lat' dir='ltr'>multis</span> <span class='ocrx_word' id='word_1_751' title='bbox 1364 3630 1413 3687; x_wconf 91' lang='lat' dir='ltr'>boc</span> <span class='ocrx_word' id='word_1_752' title='bbox 1426 3631 1588 3705; x_wconf 75' lang='lat' dir='ltr'>irreoguitum</span> <span class='ocrx_word' id='word_1_753' title='bbox 1602 3646 1644 3693; x_wconf 88' lang='lat' dir='ltr'>est</span> <span class='ocrx_word' id='word_1_754' title='bbox 1660 3642 1704 3710; x_wconf 77' lang='lat' dir='ltr'>nuti</span> <span class='ocrx_word' id='word_1_755' title='bbox 1717 3657 1764 3698; x_wconf 86' lang='lat' dir='ltr'>eas</span> <span class='ocrx_word' id='word_1_756' title='bbox 1776 3646 1882 3706; x_wconf 85' lang='lat' dir='ltr'>litteras</span> 
     </span>
     <span class='ocr_line' id='line_1_99' title="bbox 1090 3716 1883 3802; baseline 0.042 -36"><span class='ocrx_word' id='word_1_757' title='bbox 1090 3716 1226 3784; x_wconf 89' lang='lat' dir='ltr'>nesciunt,</span> <span class='ocrx_word' id='word_1_758' title='bbox 1248 3719 1274 3774; x_wconf 93' lang='lat' dir='ltr'>in</span> <span class='ocrx_word' id='word_1_759' title='bbox 1289 3722 1385 3791; x_wconf 83' lang='lat' dir='ltr'>quibus</span> <span class='ocrx_word' id='word_1_760' title='bbox 1397 3735 1438 3781; x_wconf 88' lang='lat' dir='ltr'>est</span> <span class='ocrx_word' id='word_1_761' title='bbox 1450 3727 1570 3785; x_wconf 86' lang='lat' dir='ltr'>doctriua</span> <span class='ocrx_word' id='word_1_762' title='bbox 1582 3733 1704 3802; x_wconf 73' lang='lat' dir='ltr'>quadarn</span> <span class='ocrx_word' id='word_1_763' title='bbox 1718 3736 1753 3794; x_wconf 88' lang='lat' dir='ltr'>de</span> <span class='ocrx_word' id='word_1_764' title='bbox 1766 3739 1883 3799; x_wconf 88' lang='lat' dir='ltr'>locutio-</span> 
     </span>
    </p>
   </div>
   <div class='ocr_carea' id='block_1_11' title="bbox 1088 3806 1883 3981">
    <p class='ocr_par' dir='ltr' id='par_1_15' title="bbox 1088 3806 1883 3981">
     <span class='ocr_line' id='line_1_100' title="bbox 1090 3806 1883 3901; baseline 0.04 -44"><span class='ocrx_word' id='word_1_765' title='bbox 1090 3818 1152 3859; x_wconf 89' lang='lat' dir='ltr'>num</span> <span class='ocrx_word' id='word_1_766' title='bbox 1165 3806 1269 3877; x_wconf 90' lang='lat' dir='ltr'>medis,</span> <span class='ocrx_word' id='word_1_767' title='bbox 1283 3826 1351 3882; x_wconf 77' lang='lat' dir='ltr'>auos</span> <span class='ocrx_word' id='word_1_768' title='bbox 1361 3812 1446 3872; x_wconf 78' lang='lat' dir='ltr'>urae</span> <span class='ocrx_word' id='word_1_769' title='bbox 1462 3825 1553 3889; x_wconf 88' lang='lat' dir='ltr'>tropos</span> <span class='ocrx_word' id='word_1_770' title='bbox 1565 3832 1677 3891; x_wconf 83' lang='lat' dir='ltr'>nocent,</span> <span class='ocrx_word' id='word_1_771' title='bbox 1693 3839 1780 3899; x_wconf 82' lang='lat' dir='ltr'>eoque</span> <span class='ocrx_word' id='word_1_772' title='bbox 1791 3844 1883 3901; x_wconf 67' lang='lat' dir='ltr'>grace</span> 
     </span>
     <span class='ocr_line' id='line_1_101' title="bbox 1088 3896 1880 3981; baseline 0.035 -32"><span class='ocrx_word' id='word_1_773' title='bbox 1088 3896 1217 3952; x_wconf 83' lang='lat' dir='ltr'>vocabulo</span> <span class='ocrx_word' id='word_1_774' title='bbox 1240 3903 1319 3955; x_wconf 90' lang='lat' dir='ltr'>etiam</span> <span class='ocrx_word' id='word_1_775' title='bbox 1342 3920 1391 3960; x_wconf 90' lang='lat' dir='ltr'>nos</span> <span class='ocrx_word' id='word_1_776' title='bbox 1412 3908 1511 3965; x_wconf 91' lang='lat' dir='ltr'>utimur</span> <span class='ocrx_word' id='word_1_777' title='bbox 1534 3925 1582 3981; x_wconf 92' lang='lat' dir='ltr'>pre</span> <span class='ocrx_word' id='word_1_778' title='bbox 1604 3913 1696 3971; x_wconf 86' lang='lat' dir='ltr'>latine.</span> <span class='ocrx_word' id='word_1_779' title='bbox 1719 3913 1880 3977; x_wconf 84' lang='lat' dir='ltr'>Sicutenim</span> 
     </span>
    </p>
   </div>
   <div class='ocr_carea' id='block_1_12' title="bbox 1085 3987 1960 5715">
    <p class='ocr_par' dir='ltr' id='par_1_16' title="bbox 1085 3987 1960 5715">
     <span class='ocr_line' id='line_1_102' title="bbox 1088 3987 1881 4074; baseline 0.035 -31"><span class='ocrx_word' id='word_1_780' title='bbox 1088 3992 1224 4046; x_wconf 86' lang='lat' dir='ltr'>scnemata</span> <span class='ocrx_word' id='word_1_781' title='bbox 1237 3993 1358 4050; x_wconf 87' lang='lat' dir='ltr'>usitatius</span> <span class='ocrx_word' id='word_1_782' title='bbox 1368 3987 1482 4055; x_wconf 92' lang='lat' dir='ltr'>dicimus</span> <span class='ocrx_word' id='word_1_783' title='bbox 1492 4018 1569 4072; x_wconf 81' lang='lat' dir='ltr'>ornatu</span> <span class='ocrx_word' id='word_1_784' title='bbox 1584 4004 1692 4074; x_wconf 79' lang='lat' dir='ltr'>ligurus,</span> <span class='ocrx_word' id='word_1_785' title='bbox 1705 4010 1741 4064; x_wconf 85' lang='lat' dir='ltr'>ita</span> <span class='ocrx_word' id='word_1_786' title='bbox 1753 4013 1881 4071; x_wconf 81' lang='lat' dir='ltr'>usitatius</span> 
     </span>
     <span class='ocr_line' id='line_1_103' title="bbox 1087 4081 1881 4171; baseline 0.033 -34"><span class='ocrx_word' id='word_1_787' title='bbox 1087 4081 1199 4141; x_wconf 88' lang='lat' dir='ltr'>dicimus</span> <span class='ocrx_word' id='word_1_788' title='bbox 1213 4095 1303 4158; x_wconf 91' lang='lat' dir='ltr'>tropos</span> <span class='ocrx_word' id='word_1_789' title='bbox 1315 4105 1392 4160; x_wconf 84' lang='lat' dir='ltr'>quatu</span> <span class='ocrx_word' id='word_1_790' title='bbox 1412 4093 1515 4149; x_wconf 86' lang='lat' dir='ltr'>medos.</span> <span class='ocrx_word' id='word_1_791' title='bbox 1531 4094 1700 4168; x_wconf 77' lang='lat' dir='ltr'>Singulorum</span> <span class='ocrx_word' id='word_1_792' title='bbox 1715 4111 1808 4171; x_wconf 36' lang='lat' dir='ltr'>autern,</span> <span class='ocrx_word' id='word_1_793' title='bbox 1820 4121 1881 4162; x_wconf 90' lang='lat' dir='ltr'>tue·</span> 
     </span>
     <span class='ocr_line' id='line_1_104' title="bbox 1088 4172 1879 4268; baseline 0.029 -39"><span class='ocrx_word' id='word_1_794' title='bbox 1088 4172 1183 4231; x_wconf 88' lang='lat' dir='ltr'>dorum</span> <span class='ocrx_word' id='word_1_795' title='bbox 1204 4177 1260 4234; x_wconf 86' lang='lat' dir='ltr'>sire</span> <span class='ocrx_word' id='word_1_796' title='bbox 1281 4187 1416 4250; x_wconf 90' lang='lat' dir='ltr'>tropomm</span> <span class='ocrx_word' id='word_1_797' title='bbox 1441 4185 1564 4252; x_wconf 85' lang='lat' dir='ltr'>nondun,</span> <span class='ocrx_word' id='word_1_798' title='bbox 1588 4196 1616 4243; x_wconf 89' lang='lat' dir='ltr'>ut</span> <span class='ocrx_word' id='word_1_799' title='bbox 1634 4189 1738 4261; x_wconf 78' lang='lat' dir='ltr'>singula</span> <span class='ocrx_word' id='word_1_800' title='bbox 1765 4193 1879 4268; x_wconf 69' lang='lat' dir='ltr'>singulis</span> 
     </span>
     <span class='ocr_line' id='line_1_105' title="bbox 1088 4266 1877 4345; baseline 0.029 -23"><span class='ocrx_word' id='word_1_801' title='bbox 1088 4266 1248 4337; x_wconf 75' lang='lat' dir='ltr'>referantur,</span> <span class='ocrx_word' id='word_1_802' title='bbox 1260 4271 1443 4328; x_wconf 88' lang='lat' dir='ltr'>dillicillimum</span> <span class='ocrx_word' id='word_1_803' title='bbox 1454 4285 1494 4331; x_wconf 88' lang='lat' dir='ltr'>est</span> <span class='ocrx_word' id='word_1_804' title='bbox 1507 4286 1534 4331; x_wconf 89' lang='lat' dir='ltr'>et</span> <span class='ocrx_word' id='word_1_805' title='bbox 1544 4277 1780 4340; x_wconf 88' lang='lat' dir='ltr'>insolentissimum</span> <span class='ocrx_word' id='word_1_806' title='bbox 1792 4282 1877 4345; x_wconf 72' lang='lat' dir='ltr'>latine</span> 
     </span>
     <span class='ocr_line' id='line_1_106' title="bbox 1087 4362 1878 4447; baseline 0.028 -34"><span class='ocrx_word' id='word_1_807' title='bbox 1087 4362 1238 4418; x_wconf 89' lang='lat' dir='ltr'>enuntiare.</span> <span class='ocrx_word' id='word_1_808' title='bbox 1255 4362 1332 4420; x_wconf 88' lang='lat' dir='ltr'>Unde</span> <span class='ocrx_word' id='word_1_809' title='bbox 1346 4367 1452 4435; x_wconf 81' lang='lat' dir='ltr'>quidam</span> <span class='ocrx_word' id='word_1_810' title='bbox 1468 4368 1629 4441; x_wconf 85' lang='lat' dir='ltr'>interpretes</span> <span class='ocrx_word' id='word_1_811' title='bbox 1644 4375 1738 4440; x_wconf 89' lang='lat' dir='ltr'>nostri,</span> <span class='ocrx_word' id='word_1_812' title='bbox 1754 4379 1826 4447; x_wconf 84' lang='lat' dir='ltr'>quod</span> <span class='ocrx_word' id='word_1_813' title='bbox 1840 4380 1878 4435; x_wconf 89' lang='lat' dir='ltr'>ait</span> 
     </span>
     <span class='ocr_line' id='line_1_107' title="bbox 1087 4448 1878 4540; baseline 0.03 -37"><span class='ocrx_word' id='word_1_814' title='bbox 1087 4448 1240 4520; x_wconf 76' lang='lat' dir='ltr'>Apostolus,</span> <span class='ocrx_word' id='word_1_815' title='bbox 1257 4453 1320 4520; x_wconf 77' lang='lat' dir='ltr'>Quo</span> <span class='ocrx_word' id='word_1_816' title='bbox 1332 4468 1391 4511; x_wconf 81' lang='lat' dir='ltr'>aurit</span> <span class='ocrx_word' id='word_1_817' title='bbox 1404 4458 1429 4511; x_wconf 90' lang='lat' dir='ltr'>iu</span> <span class='ocrx_word' id='word_1_818' title='bbox 1442 4460 1565 4531; x_wconf 76' lang='lat' dir='ltr'>elleporitt</span> <span class='ocrx_word' id='word_1_819' title='bbox 1578 4460 1674 4535; x_wconf 85' lang='lat' dir='ltr'>(Gulul.</span> <span class='ocrx_word' id='word_1_820' title='bbox 1691 4482 1731 4534; x_wconf 82' lang='lat' dir='ltr'>tv,</span> <span class='ocrx_word' id='word_1_821' title='bbox 1744 4466 1812 4540; x_wconf 69' lang='grc' dir='ltr'>Ξι),</span> <span class='ocrx_word' id='word_1_822' title='bbox 1826 4486 1878 4526; x_wconf 86' lang='lat' dir='ltr'>uo·</span> 
     </span>
     <span class='ocr_line' id='line_1_108' title="bbox 1086 4541 1878 4629; baseline 0.027 -32"><span class='ocrx_word' id='word_1_823' title='bbox 1086 4541 1173 4598; x_wconf 91' lang='lat' dir='ltr'>lentes</span> <span class='ocrx_word' id='word_1_824' title='bbox 1184 4558 1299 4613; x_wconf 77' lang='lat' dir='ltr'>gracum</span> <span class='ocrx_word' id='word_1_825' title='bbox 1322 4548 1478 4603; x_wconf 88' lang='lat' dir='ltr'>vocabulum</span> <span class='ocrx_word' id='word_1_826' title='bbox 1504 4567 1612 4621; x_wconf 90' lang='lat' dir='ltr'>ponere,</span> <span class='ocrx_word' id='word_1_827' title='bbox 1639 4554 1878 4629; x_wconf 81' lang='lat' dir='ltr'>circumloquendo</span> 
     </span>
     <span class='ocr_line' id='line_1_109' title="bbox 1087 4633 1877 4711; baseline 0.028 -23"><span class='ocrx_word' id='word_1_828' title='bbox 1087 4633 1252 4706; x_wconf 86' lang='lat' dir='ltr'>interpretati</span> <span class='ocrx_word' id='word_1_829' title='bbox 1272 4653 1332 4694; x_wconf 90' lang='lat' dir='ltr'>sunt</span> <span class='ocrx_word' id='word_1_830' title='bbox 1353 4640 1484 4711; x_wconf 87' lang='lat' dir='ltr'>diceutes,</span> <span class='ocrx_word' id='word_1_831' title='bbox 1501 4644 1564 4711; x_wconf 84' lang='lat' dir='ltr'>Quoe</span> <span class='ocrx_word' id='word_1_832' title='bbox 1577 4656 1635 4700; x_wconf 80' lang='lat' dir='ltr'>aaut</span> <span class='ocrx_word' id='word_1_833' title='bbox 1647 4648 1720 4703; x_wconf 85' lang='lat' dir='ltr'>uliud</span> <span class='ocrx_word' id='word_1_834' title='bbox 1730 4666 1763 4706; x_wconf 74' lang='lat' dir='ltr'>ea</span> <span class='ocrx_word' id='word_1_835' title='bbox 1773 4652 1826 4708; x_wconf 85' lang='lat' dir='ltr'>alie</span> <span class='ocrx_word' id='word_1_836' title='bbox 1839 4655 1877 4709; x_wconf 81' lang='lat' dir='ltr'>ri·</span> 
     </span>
     <span class='ocr_line' id='line_1_110' title="bbox 1086 4727 1877 4816; baseline 0.032 -37"><span class='ocrx_word' id='word_1_837' title='bbox 1086 4727 1244 4797; x_wconf 74' lang='lat' dir='ltr'>pnificautie.</span> <span class='ocrx_word' id='word_1_838' title='bbox 1256 4729 1339 4801; x_wconf 82' lang='lat' dir='ltr'>liujm</span> <span class='ocrx_word' id='word_1_839' title='bbox 1349 4744 1438 4789; x_wconf 88' lang='lat' dir='ltr'>autent</span> <span class='ocrx_word' id='word_1_840' title='bbox 1450 4737 1528 4806; x_wconf 90' lang='lat' dir='ltr'>trnpi,</span> <span class='ocrx_word' id='word_1_841' title='bbox 1540 4738 1565 4792; x_wconf 90' lang='lat' dir='ltr'>id</span> <span class='ocrx_word' id='word_1_842' title='bbox 1576 4749 1617 4793; x_wconf 89' lang='lat' dir='ltr'>est</span> <span class='ocrx_word' id='word_1_843' title='bbox 1627 4739 1771 4811; x_wconf 69' lang='lat' dir='ltr'>allegorim</span> <span class='ocrx_word' id='word_1_844' title='bbox 1782 4744 1877 4816; x_wconf 79' lang='lat' dir='ltr'>plures</span> 
     </span>
     <span class='ocr_line' id='line_1_111' title="bbox 1086 4820 1875 4911; baseline 0.028 -40"><span class='ocrx_word' id='word_1_845' title='bbox 1086 4827 1148 4872; x_wconf 82' lang='lat' dir='ltr'>sunt</span> <span class='ocrx_word' id='word_1_846' title='bbox 1159 4820 1272 4888; x_wconf 84' lang='lat' dir='ltr'>species,</span> <span class='ocrx_word' id='word_1_847' title='bbox 1281 4821 1307 4878; x_wconf 94' lang='lat' dir='ltr'>in</span> <span class='ocrx_word' id='word_1_848' title='bbox 1319 4825 1414 4894; x_wconf 80' lang='lat' dir='ltr'>unibus</span> <span class='ocrx_word' id='word_1_849' title='bbox 1424 4837 1464 4881; x_wconf 81' lang='lat' dir='ltr'>eet</span> <span class='ocrx_word' id='word_1_850' title='bbox 1472 4829 1552 4882; x_wconf 87' lang='lat' dir='ltr'>etiam</span> <span class='ocrx_word' id='word_1_851' title='bbox 1562 4828 1632 4898; x_wconf 83' lang='lat' dir='ltr'>qnod</span> <span class='ocrx_word' id='word_1_852' title='bbox 1643 4831 1740 4911; x_wconf 80' lang='lat' dir='ltr'>dieitpr</span> <span class='ocrx_word' id='word_1_853' title='bbox 1749 4834 1875 4907; x_wconf 70' lang='lat' dir='ltr'>rettlgma.</span> 
     </span>
     <span class='ocr_line' id='line_1_112' title="bbox 1086 4908 1876 4990; baseline 0.025 -28"><span class='ocrx_word' id='word_1_854' title='bbox 1086 4908 1209 4965; x_wconf 80' lang='lat' dir='ltr'>Definitio</span> <span class='ocrx_word' id='word_1_855' title='bbox 1221 4921 1308 4967; x_wconf 86' lang='lat' dir='ltr'>autern</span> <span class='ocrx_word' id='word_1_856' title='bbox 1321 4915 1402 4986; x_wconf 90' lang='lat' dir='ltr'>ipsius</span> <span class='ocrx_word' id='word_1_857' title='bbox 1413 4918 1528 4973; x_wconf 90' lang='lat' dir='ltr'>nominis</span> <span class='ocrx_word' id='word_1_858' title='bbox 1539 4920 1679 4990; x_wconf 75' lang='lat' dir='ltr'>generalis,</span> <span class='ocrx_word' id='word_1_859' title='bbox 1690 4936 1785 4979; x_wconf 83' lang='lat' dir='ltr'>omues</span> <span class='ocrx_word' id='word_1_860' title='bbox 1793 4925 1876 4982; x_wconf 81' lang='lat' dir='ltr'>eliam</span> 
     </span>
     <span class='ocr_line' id='line_1_113' title="bbox 1085 5001 1878 5081; baseline 0.021 -26"><span class='ocrx_word' id='word_1_861' title='bbox 1085 5001 1189 5071; x_wconf 86' lang='lat' dir='ltr'>species</span> <span class='ocrx_word' id='word_1_862' title='bbox 1201 5006 1392 5074; x_wconf 88' lang='lat' dir='ltr'>complectatur</span> <span class='ocrx_word' id='word_1_863' title='bbox 1411 5023 1520 5064; x_wconf 88' lang='lat' dir='ltr'>neccsse</span> <span class='ocrx_word' id='word_1_864' title='bbox 1539 5018 1590 5064; x_wconf 89' lang='lat' dir='ltr'>cst.</span> <span class='ocrx_word' id='word_1_865' title='bbox 1611 5012 1649 5065; x_wconf 84' lang='lat' dir='ltr'>dc</span> <span class='ocrx_word' id='word_1_866' title='bbox 1672 5025 1719 5081; x_wconf 89' lang='lat' dir='ltr'>per</span> <span class='ocrx_word' id='word_1_867' title='bbox 1733 5011 1784 5070; x_wconf 91' lang='lat' dir='ltr'>bue</span> <span class='ocrx_word' id='word_1_868' title='bbox 1806 5016 1878 5074; x_wconf 86' lang='lat' dir='ltr'>sicut</span> 
     </span>
     <span class='ocr_line' id='line_1_114' title="bbox 1085 5091 1960 5174; baseline 0.023 -30"><span class='ocrx_word' id='word_1_869' title='bbox 1085 5091 1172 5145; x_wconf 91' lang='lat' dir='ltr'>omnis</span> <span class='ocrx_word' id='word_1_870' title='bbox 1185 5107 1270 5164; x_wconf 86' lang='lat' dir='ltr'>equus</span> <span class='ocrx_word' id='word_1_871' title='bbox 1281 5095 1379 5150; x_wconf 88' lang='lat' dir='ltr'>animal</span> <span class='ocrx_word' id='word_1_872' title='bbox 1391 5104 1441 5161; x_wconf 86' lang='lat' dir='ltr'>est,</span> <span class='ocrx_word' id='word_1_873' title='bbox 1455 5112 1508 5153; x_wconf 91' lang='lat' dir='ltr'>nou</span> <span class='ocrx_word' id='word_1_874' title='bbox 1523 5114 1602 5155; x_wconf 92' lang='lat' dir='ltr'>omne</span> <span class='ocrx_word' id='word_1_875' title='bbox 1614 5101 1712 5156; x_wconf 88' lang='lat' dir='ltr'>animal</span> <span class='ocrx_word' id='word_1_876' title='bbox 1722 5116 1807 5174; x_wconf 82' lang='lat' dir='ltr'>equus</span> <span class='ocrx_word' id='word_1_877' title='bbox 1816 5116 1876 5162; x_wconf 85' lang='lat' dir='ltr'>est:</span> <span class='ocrx_word' id='word_1_878' title='bbox 1952 5106 1960 5117; x_wconf 82' lang='lat'><em>&#39;</em></span> 
     </span>
     <span class='ocr_line' id='line_1_115' title="bbox 1086 5183 1876 5267; baseline 0.018 -28"><span class='ocrx_word' id='word_1_879' title='bbox 1086 5183 1120 5239; x_wconf 93' lang='lat' dir='ltr'>ita</span> <span class='ocrx_word' id='word_1_880' title='bbox 1135 5200 1214 5241; x_wconf 90' lang='lat' dir='ltr'>omne</span> <span class='ocrx_word' id='word_1_881' title='bbox 1226 5188 1338 5258; x_wconf 76' lang='lat' dir='ltr'>aenigma</span> <span class='ocrx_word' id='word_1_882' title='bbox 1351 5188 1476 5259; x_wconf 77' lang='lat' dir='ltr'>allegoria</span> <span class='ocrx_word' id='word_1_883' title='bbox 1490 5199 1547 5258; x_wconf 87' lang='lat' dir='ltr'>eet,</span> <span class='ocrx_word' id='word_1_884' title='bbox 1568 5206 1621 5246; x_wconf 91' lang='lat' dir='ltr'>nou</span> <span class='ocrx_word' id='word_1_885' title='bbox 1641 5192 1730 5248; x_wconf 90' lang='lat' dir='ltr'>eutnls</span> <span class='ocrx_word' id='word_1_886' title='bbox 1747 5194 1876 5267; x_wconf 76' lang='lat' dir='ltr'>allegoria</span> 
     </span>
     <span class='ocr_line' id='line_1_116' title="bbox 1085 5276 1877 5364; baseline 0.016 -34"><span class='ocrx_word' id='word_1_887' title='bbox 1085 5276 1196 5347; x_wconf 72' lang='lat' dir='ltr'>aenigma</span> <span class='ocrx_word' id='word_1_888' title='bbox 1209 5286 1259 5333; x_wconf 85' lang='lat' dir='ltr'>est.</span> <span class='ocrx_word' id='word_1_889' title='bbox 1273 5277 1341 5346; x_wconf 82' lang='lat' dir='ltr'>Quid</span> <span class='ocrx_word' id='word_1_890' title='bbox 1360 5293 1424 5349; x_wconf 73' lang='lat' dir='ltr'>erge</span> <span class='ocrx_word' id='word_1_891' title='bbox 1441 5289 1481 5335; x_wconf 87' lang='lat' dir='ltr'>eet</span> <span class='ocrx_word' id='word_1_892' title='bbox 1502 5281 1644 5352; x_wconf 78' lang='lat' dir='ltr'>allegorla,</span> <span class='ocrx_word' id='word_1_893' title='bbox 1661 5283 1711 5338; x_wconf 86' lang='lat' dir='ltr'>nisi</span> <span class='ocrx_word' id='word_1_894' title='bbox 1723 5292 1818 5364; x_wconf 66' lang='lat' dir='ltr'>tropus</span> <span class='ocrx_word' id='word_1_895' title='bbox 1829 5287 1877 5343; x_wconf 91' lang='lat' dir='ltr'>ttbi</span> 
     </span>
     <span class='ocr_line' id='line_1_117' title="bbox 1085 5366 1877 5458; baseline 0.018 -37"><span class='ocrx_word' id='word_1_896' title='bbox 1085 5381 1117 5421; x_wconf 83' lang='lat' dir='ltr'>ex</span> <span class='ocrx_word' id='word_1_897' title='bbox 1131 5366 1183 5422; x_wconf 89' lang='lat' dir='ltr'>alio</span> <span class='ocrx_word' id='word_1_898' title='bbox 1194 5367 1265 5422; x_wconf 92' lang='lat' dir='ltr'>alind</span> <span class='ocrx_word' id='word_1_899' title='bbox 1279 5367 1444 5440; x_wconf 76' lang='lat' dir='ltr'>intelligitur,</span> <span class='ocrx_word' id='word_1_900' title='bbox 1459 5372 1537 5440; x_wconf 82' lang='lat' dir='ltr'>quale</span> <span class='ocrx_word' id='word_1_901' title='bbox 1550 5372 1611 5428; x_wconf 93' lang='lat' dir='ltr'>illud</span> <span class='ocrx_word' id='word_1_902' title='bbox 1627 5383 1669 5429; x_wconf 89' lang='lat' dir='ltr'>est</span> <span class='ocrx_word' id='word_1_903' title='bbox 1680 5375 1713 5430; x_wconf 84' lang='lat' dir='ltr'>ad</span> <span class='ocrx_word' id='word_1_904' title='bbox 1727 5372 1877 5458; x_wconf 59' lang='lat' dir='ltr'>Thessaleg</span> 
     </span>
     <span class='ocr_line' id='line_1_118' title="bbox 1086 5456 1881 5561; baseline 0.018 -51"><span class='ocrx_word' id='word_1_905' title='bbox 1086 5456 1206 5513; x_wconf 85' lang='lat' dir='ltr'>uicenses</span> <span class='ocrx_word' id='word_1_906' title='bbox 1219 5474 1226 5511; x_wconf 75' lang='grc' dir='ltr'><strong><em>ε</em></strong></span> <span class='ocrx_word' id='word_1_907' title='bbox 1238 5456 1329 5527; x_wconf 80' lang='lat' dir='ltr'>ltaque</span> <span class='ocrx_word' id='word_1_908' title='bbox 1346 5474 1397 5514; x_wconf 84' lang='lat' dir='ltr'>noa</span> <span class='ocrx_word' id='word_1_909' title='bbox 1418 5458 1572 5518; x_wconf 84' lang='lat' dir='ltr'>dornriamm</span> <span class='ocrx_word' id='word_1_910' title='bbox 1591 5464 1655 5519; x_wconf 76' lang='lat' dir='ltr'>ric-rt</span> <span class='ocrx_word' id='word_1_911' title='bbox 1670 5475 1693 5520; x_wconf 81' lang='lat' dir='ltr'>et</span> <span class='ocrx_word' id='word_1_912' title='bbox 1714 5466 1800 5521; x_wconf 75' lang='lat' dir='ltr'>reteri</span> <span class='ocrx_word' id='word_1_913' title='bbox 1810 5472 1881 5561; x_wconf 42' lang='lat' dir='ltr'>ned.</span> 
     </span>
     <span class='ocr_line' id='line_1_119' title="bbox 1085 5548 1876 5627; baseline 0.023 -26"><span class='ocrx_word' id='word_1_914' title='bbox 1085 5548 1230 5619; x_wconf 78' lang='lat' dir='ltr'>aipiirmttr,</span> <span class='ocrx_word' id='word_1_915' title='bbox 1249 5558 1274 5603; x_wconf 84' lang='lat' dir='ltr'>et</span> <span class='ocrx_word' id='word_1_916' title='bbox 1287 5550 1363 5604; x_wconf 85' lang='lat' dir='ltr'>rubrii</span> <span class='ocrx_word' id='word_1_917' title='bbox 1380 5552 1468 5607; x_wconf 77' lang='lat' dir='ltr'>rimor.</span> <span class='ocrx_word' id='word_1_918' title='bbox 1488 5553 1558 5609; x_wconf 86' lang='lat' dir='ltr'>Nuut</span> <span class='ocrx_word' id='word_1_919' title='bbox 1574 5557 1617 5624; x_wconf 78' lang='lat' dir='ltr'>nui</span> <span class='ocrx_word' id='word_1_920' title='bbox 1634 5555 1777 5627; x_wconf 84' lang='lat' dir='ltr'>dormitott,</span> <span class='ocrx_word' id='word_1_921' title='bbox 1799 5576 1876 5620; x_wconf 78' lang='lat' dir='ltr'>nocte</span> 
     </span>
     <span class='ocr_line' id='line_1_120' title="bbox 1087 5641 1880 5715; baseline 0.02 -19"><span class='ocrx_word' id='word_1_922' title='bbox 1087 5642 1231 5708; x_wconf 73' lang='lat' dir='ltr'>dormiant:</span> <span class='ocrx_word' id='word_1_923' title='bbox 1245 5650 1270 5698; x_wconf 84' lang='lat' dir='ltr'>el</span> <span class='ocrx_word' id='word_1_924' title='bbox 1281 5643 1325 5714; x_wconf 80' lang='lat' dir='ltr'>qai</span> <span class='ocrx_word' id='word_1_925' title='bbox 1336 5643 1508 5715; x_wconf 83' lang='lat' dir='ltr'>inebrientur,</span> <span class='ocrx_word' id='word_1_926' title='bbox 1523 5657 1595 5704; x_wconf 88' lang='lat' dir='ltr'>uerte</span> <span class='ocrx_word' id='word_1_927' title='bbox 1606 5647 1668 5704; x_wconf 80' lang='lat' dir='ltr'>ebrii</span> <span class='ocrx_word' id='word_1_928' title='bbox 1682 5657 1813 5711; x_wconf 71' lang='lat' dir='ltr'>cautritur</span> <span class='ocrx_word' id='word_1_929' title='bbox 1825 5641 1880 5711; x_wconf 52' lang='lat' dir='ltr'>ott-3</span> 
     </span>
    </p>
   </div>
   <div class='ocr_carea' id='block_1_13' title="bbox 0 0 1974 6360">
    <p class='ocr_par' dir='ltr' id='par_1_17' title="bbox 0 0 1974 6360">
     <span class='ocr_line' id='line_1_121' title="bbox 0 0 1974 6360; baseline 0 0"><span class='ocrx_word' id='word_1_930' title='bbox 0 0 1974 6360; x_wconf 95' lang='lat' dir='ltr'> </span> 
     </span>
    </p>
   </div>
  </div>
 </body>
</html>
