<?xml version="1.0" encoding="UTF-8"?>
<!DOCTYPE html PUBLIC "-//W3C//DTD XHTML 1.0 Transitional//EN"
    "http://www.w3.org/TR/xhtml1/DTD/xhtml1-transitional.dtd">
<html xmlns="http://www.w3.org/1999/xhtml" xml:lang="en" lang="en">
 <head>
  <title>
</title>
<meta http-equiv="Content-Type" content="text/html;charset=utf-8" />
  <meta name='ocr-system' content='tesseract 3.04.00' />
  <meta name='ocr-capabilities' content='ocr_page ocr_carea ocr_par ocr_line ocrx_word'/>
</head>
<body>
  <div class='ocr_page' id='page_1' title='image "./sanctiaureliiau03augugoog/sanctiaureliiau03augugoog_0157.png"; bbox 0 0 3938 6360; ppageno 0'>
   <div class='ocr_carea' id='block_1_1' title="bbox 641 306 1846 384">
    <p class='ocr_par' dir='ltr' id='par_1_1' title="bbox 641 306 1846 384">
     <span class='ocr_line' id='line_1_1' title="bbox 641 306 1846 384; baseline -0.013 -1"><span class='ocrx_word' id='word_1_1' title='bbox 641 322 777 383; x_wconf 79' lang='lat' dir='ltr'><strong>corilus</strong></span> <span class='ocrx_word' id='word_1_2' title='bbox 796 315 958 378; x_wconf 72' lang='lat' dir='ltr'><strong>hausturi</strong></span> <span class='ocrx_word' id='word_1_3' title='bbox 971 312 1198 384; x_wconf 70' lang='lat' dir='ltr'><strong>habicheutt,</strong></span> <span class='ocrx_word' id='word_1_4' title='bbox 1219 316 1247 372; x_wconf 86' lang='lat' dir='ltr'><strong>S.</strong></span> <span class='ocrx_word' id='word_1_5' title='bbox 1268 313 1450 373; x_wconf 79' lang='lat' dir='ltr'><strong>auuustttu</strong></span> <span class='ocrx_word' id='word_1_6' title='bbox 1789 306 1846 367; x_wconf 63' lang='grc' dir='ltr'><strong>Μ</strong></span> 
     </span>
    </p>
   </div>
   <div class='ocr_carea' id='block_1_2' title="bbox 218 425 1849 794">
    <p class='ocr_par' dir='ltr' id='par_1_2' title="bbox 218 425 1849 794">
     <span class='ocr_line' id='line_1_2' title="bbox 218 425 1847 514; baseline -0.002 -28"><span class='ocrx_word' id='word_1_7' title='bbox 218 460 313 509; x_wconf 56' lang='lat' dir='ltr'><strong>„nepus</strong></span> <span class='ocrx_word' id='word_1_8' title='bbox 327 449 397 503; x_wconf 55' lang='lat' dir='ltr'><strong>paug</strong></span> <span class='ocrx_word' id='word_1_9' title='bbox 411 457 465 514; x_wconf 63' lang='lat' dir='ltr'><strong>prm</strong></span> <span class='ocrx_word' id='word_1_10' title='bbox 479 436 649 511; x_wconf 74' lang='lat' dir='ltr'><strong>participibus</strong></span> <span class='ocrx_word' id='word_1_11' title='bbox 663 436 732 502; x_wconf 91' lang='lat' dir='ltr'><strong>suis,</strong></span> <span class='ocrx_word' id='word_1_12' title='bbox 749 434 794 489; x_wconf 86' lang='lat' dir='ltr'><strong>iile</strong></span> <span class='ocrx_word' id='word_1_13' title='bbox 812 443 919 488; x_wconf 81' lang='lat' dir='ltr'><strong>sarnetus</strong></span> <span class='ocrx_word' id='word_1_14' title='bbox 940 443 1002 484; x_wconf 79' lang='lat' dir='ltr'><strong>san-</strong></span> <span class='ocrx_word' id='word_1_15' title='bbox 1059 425 1148 496; x_wconf 77' lang='lat' dir='ltr'><strong>pierio</strong></span> <span class='ocrx_word' id='word_1_16' title='bbox 1164 428 1272 482; x_wconf 78' lang='lat' dir='ltr'><strong>euultutu</strong></span> <span class='ocrx_word' id='word_1_17' title='bbox 1285 437 1339 494; x_wconf 88' lang='lat' dir='ltr'><strong>est,</strong></span> <span class='ocrx_word' id='word_1_18' title='bbox 1360 428 1524 498; x_wconf 69' lang='lat' dir='ltr'><strong>sanctificatio</strong></span> <span class='ocrx_word' id='word_1_19' title='bbox 1542 435 1638 483; x_wconf 80' lang='lat' dir='ltr'><strong>nosue.</strong></span> <span class='ocrx_word' id='word_1_20' title='bbox 1653 425 1753 483; x_wconf 81' lang='lat' dir='ltr'><strong>beihde</strong></span> <span class='ocrx_word' id='word_1_21' title='bbox 1766 425 1847 499; x_wconf 87' lang='lat' dir='ltr'><strong>quasi</strong></span> 
     </span>
     <span class='ocr_line' id='line_1_3' title="bbox 219 516 1847 609; baseline -0.014 -11"><span class='ocrx_word' id='word_1_22' title='bbox 219 552 322 599; x_wconf 91' lang='lat' dir='ltr'><strong>ctorum</strong></span> <span class='ocrx_word' id='word_1_23' title='bbox 345 536 423 609; x_wconf 83' lang='lat' dir='ltr'><strong>(Dan.</strong></span> <span class='ocrx_word' id='word_1_24' title='bbox 436 547 480 599; x_wconf 88' lang='grc' dir='ltr'><strong>ιι,</strong></span> <span class='ocrx_word' id='word_1_25' title='bbox 498 529 549 595; x_wconf 75' lang='lat' dir='ltr'><strong>ut,</strong></span> <span class='ocrx_word' id='word_1_26' title='bbox 570 535 593 582; x_wconf 87' lang='lat' dir='ltr'><strong>et</strong></span> <span class='ocrx_word' id='word_1_27' title='bbox 608 525 681 580; x_wconf 81' lang='lat' dir='ltr'><strong>Peut.</strong></span> <span class='ocrx_word' id='word_1_28' title='bbox 694 539 767 588; x_wconf 83' lang='lat' dir='ltr'><strong>surr,</strong></span> <span class='ocrx_word' id='word_1_29' title='bbox 781 524 829 592; x_wconf 87' lang='grc'><strong>8),</strong></span> <span class='ocrx_word' id='word_1_30' title='bbox 845 521 914 576; x_wconf 90' lang='lat' dir='ltr'><strong>idem</strong></span> <span class='ocrx_word' id='word_1_31' title='bbox 926 531 1006 573; x_wconf 88' lang='lat' dir='ltr'><strong>verus</strong></span> <span class='ocrx_word' id='word_1_32' title='bbox 1060 517 1164 572; x_wconf 83' lang='lat' dir='ltr'><strong>veniret</strong></span> <span class='ocrx_word' id='word_1_33' title='bbox 1176 517 1202 572; x_wconf 91' lang='lat' dir='ltr'><strong>in</strong></span> <span class='ocrx_word' id='word_1_34' title='bbox 1215 525 1346 586; x_wconf 87' lang='lat' dir='ltr'><strong>mentem,</strong></span> <span class='ocrx_word' id='word_1_35' title='bbox 1359 516 1427 586; x_wconf 82' lang='lat' dir='ltr'><strong>Quid</strong></span> <span class='ocrx_word' id='word_1_36' title='bbox 1440 533 1503 589; x_wconf 75' lang='lat' dir='ltr'><strong>erqo</strong></span> <span class='ocrx_word' id='word_1_37' title='bbox 1514 517 1624 575; x_wconf 90' lang='lat' dir='ltr'><strong>iacimus</strong></span> <span class='ocrx_word' id='word_1_38' title='bbox 1637 516 1672 575; x_wconf 85' lang='lat' dir='ltr'><strong>de</strong></span> <span class='ocrx_word' id='word_1_39' title='bbox 1687 533 1739 574; x_wconf 80' lang='lat' dir='ltr'><strong>sam</strong></span> <span class='ocrx_word' id='word_1_40' title='bbox 1752 518 1847 575; x_wconf 87' lang='lat' dir='ltr'><strong>multis</strong></span> 
     </span>
     <span class='ocr_line' id='line_1_4' title="bbox 219 605 1847 691; baseline -0.014 -1"><span class='ocrx_word' id='word_1_41' title='bbox 219 651 267 691; x_wconf 81' lang='lat' dir='ltr'><strong>rex</strong></span> <span class='ocrx_word' id='word_1_42' title='bbox 286 627 450 688; x_wconf 79' lang='lat' dir='ltr'><strong>consulendo</strong></span> <span class='ocrx_word' id='word_1_43' title='bbox 469 624 563 687; x_wconf 89' lang='lat' dir='ltr'><strong>nobis,</strong></span> <span class='ocrx_word' id='word_1_44' title='bbox 586 628 614 676; x_wconf 93' lang='lat' dir='ltr'><strong>et</strong></span> <span class='ocrx_word' id='word_1_45' title='bbox 636 618 706 674; x_wconf 87' lang='lat' dir='ltr'><strong>idem</strong></span> <span class='ocrx_word' id='word_1_46' title='bbox 731 630 810 671; x_wconf 91' lang='lat' dir='ltr'><strong>verus</strong></span> <span class='ocrx_word' id='word_1_47' title='bbox 831 611 956 669; x_wconf 78' lang='lat' dir='ltr'><strong>sacerdos</strong></span> <span class='ocrx_word' id='word_1_48' title='bbox 976 623 1006 664; x_wconf 91' lang='lat' dir='ltr'><strong>se</strong></span> <span class='ocrx_word' id='word_1_49' title='bbox 1060 605 1204 678; x_wconf 86' lang='lat' dir='ltr'><strong>malis,qni</strong></span> <span class='ocrx_word' id='word_1_50' title='bbox 1217 609 1847 681; x_wconf 86' lang='lat' dir='ltr'><strong>tantoampiiusubiquepermlxtisunt,qnanto</strong></span> 
     </span>
     <span class='ocr_line' id='line_1_5' title="bbox 221 695 1849 794; baseline -0.006 -29"><span class='ocrx_word' id='word_1_51' title='bbox 221 724 305 794; x_wconf 67' lang='lat' dir='ltr'><strong>ipsum</strong></span> <span class='ocrx_word' id='word_1_52' title='bbox 322 716 457 774; x_wconf 77' lang='lat' dir='ltr'><strong>offerendo</strong></span> <span class='ocrx_word' id='word_1_53' title='bbox 468 728 517 786; x_wconf 92' lang='lat' dir='ltr'><strong>pro</strong></span> <span class='ocrx_word' id='word_1_54' title='bbox 529 711 616 767; x_wconf 90' lang='lat' dir='ltr'><strong>nohis.</strong></span> <span class='ocrx_word' id='word_1_55' title='bbox 631 706 809 776; x_wconf 82' lang='lat' dir='ltr'><strong>Quamobrem</strong></span> <span class='ocrx_word' id='word_1_56' title='bbox 823 711 951 776; x_wconf 84' lang='lat' dir='ltr'><strong>qnantum</strong></span> <span class='ocrx_word' id='word_1_57' title='bbox 963 699 1007 756; x_wconf 82' lang='lat' dir='ltr'><strong>(ii.</strong></span> <span class='ocrx_word' id='word_1_58' title='bbox 1060 695 1233 752; x_wconf 76' lang='lat' dir='ltr'><strong>excellentior</strong></span> <span class='ocrx_word' id='word_1_59' title='bbox 1246 707 1286 753; x_wconf 92' lang='lat' dir='ltr'><strong>est</strong></span> <span class='ocrx_word' id='word_1_60' title='bbox 1296 697 1393 754; x_wconf 89' lang='lat' dir='ltr'><strong>Christi</strong></span> <span class='ocrx_word' id='word_1_61' title='bbox 1405 698 1488 769; x_wconf 73' lang='lat' dir='ltr'><strong>gloria</strong></span> <span class='ocrx_word' id='word_1_62' title='bbox 1500 699 1526 753; x_wconf 90' lang='lat' dir='ltr'><strong>in</strong></span> <span class='ocrx_word' id='word_1_63' title='bbox 1539 699 1638 755; x_wconf 86' lang='lat' dir='ltr'><strong>unitate</strong></span> <span class='ocrx_word' id='word_1_64' title='bbox 1652 701 1770 756; x_wconf 91' lang='lat' dir='ltr'><strong>omnium</strong></span> <span class='ocrx_word' id='word_1_65' title='bbox 1780 715 1849 772; x_wconf 75' lang='lat' dir='ltr'><strong>qen·</strong></span> 
     </span>
    </p>
   </div>
   <div class='ocr_carea' id='block_1_3' title="bbox 222 785 1852 1776">
    <p class='ocr_par' dir='ltr' id='par_1_3' title="bbox 222 785 1849 1154">
     <span class='ocr_line' id='line_1_6' title="bbox 223 785 1848 867; baseline -0.013 -1"><span class='ocrx_word' id='word_1_66' title='bbox 223 820 275 866; x_wconf 90' lang='lat' dir='ltr'><strong>stat</strong></span> <span class='ocrx_word' id='word_1_67' title='bbox 291 809 326 864; x_wconf 90' lang='lat' dir='ltr'><strong>de</strong></span> <span class='ocrx_word' id='word_1_68' title='bbox 339 804 438 862; x_wconf 77' lang='lat' dir='ltr'><strong>Christi</strong></span> <span class='ocrx_word' id='word_1_69' title='bbox 456 804 573 858; x_wconf 88' lang='lat' dir='ltr'><strong>adventu</strong></span> <span class='ocrx_word' id='word_1_70' title='bbox 593 800 664 855; x_wconf 89' lang='lat' dir='ltr'><strong>inter</strong></span> <span class='ocrx_word' id='word_1_71' title='bbox 685 796 900 867; x_wconf 69' lang='lat' dir='ltr'><strong>predicationem</strong></span> <span class='ocrx_word' id='word_1_72' title='bbox 919 792 1009 860; x_wconf 78' lang='lat' dir='ltr'><strong>hoge-</strong></span> <span class='ocrx_word' id='word_1_73' title='bbox 1061 785 1147 840; x_wconf 85' lang='lat' dir='ltr'><strong>tiumi</strong></span> <span class='ocrx_word' id='word_1_74' title='bbox 1164 787 1276 857; x_wconf 85' lang='lat' dir='ltr'><strong>subjecit</strong></span> <span class='ocrx_word' id='word_1_75' title='bbox 1293 787 1395 856; x_wconf 85' lang='lat' dir='ltr'><strong>statim,</strong></span> <span class='ocrx_word' id='word_1_76' title='bbox 1416 788 1542 843; x_wconf 78' lang='lat' dir='ltr'><strong>Patientia</strong></span> <span class='ocrx_word' id='word_1_77' title='bbox 1553 787 1650 858; x_wconf 83' lang='lat' dir='ltr'><strong>lsrael,</strong></span> <span class='ocrx_word' id='word_1_78' title='bbox 1668 789 1782 846; x_wconf 82' lang='lat' dir='ltr'><strong>Dovvriue.</strong></span> <span class='ocrx_word' id='word_1_79' title='bbox 1798 790 1848 847; x_wconf 88' lang='lat' dir='ltr'><strong>Pa·</strong></span> 
     </span>
     <span class='ocr_line' id='line_1_7' title="bbox 222 874 1849 958; baseline -0.012 0"><span class='ocrx_word' id='word_1_80' title='bbox 222 902 308 958; x_wconf 88' lang='lat' dir='ltr'><strong>lorum</strong></span> <span class='ocrx_word' id='word_1_81' title='bbox 326 907 354 954; x_wconf 90' lang='lat' dir='ltr'><strong>et</strong></span> <span class='ocrx_word' id='word_1_82' title='bbox 369 895 562 953; x_wconf 83' lang='lat' dir='ltr'><strong>contessionem</strong></span> <span class='ocrx_word' id='word_1_83' title='bbox 583 888 791 949; x_wconf 79' lang='lat' dir='ltr'><strong>demoniorum,</strong></span> <span class='ocrx_word' id='word_1_84' title='bbox 815 891 918 939; x_wconf 86' lang='lat' dir='ltr'><strong>tantum</strong></span> <span class='ocrx_word' id='word_1_85' title='bbox 939 880 1009 936; x_wconf 90' lang='lat' dir='ltr'><strong>inter</strong></span> <span class='ocrx_word' id='word_1_86' title='bbox 1062 874 1161 931; x_wconf 82' lang='lat' dir='ltr'><strong>uenter</strong></span> <span class='ocrx_word' id='word_1_87' title='bbox 1180 877 1251 932; x_wconf 86' lang='lat' dir='ltr'><strong>enim</strong></span> <span class='ocrx_word' id='word_1_88' title='bbox 1270 876 1404 933; x_wconf 85' lang='lat' dir='ltr'><strong>iereirdum</strong></span> <span class='ocrx_word' id='word_1_89' title='bbox 1419 879 1548 950; x_wconf 88' lang='lat' dir='ltr'><strong>estquod</strong></span> <span class='ocrx_word' id='word_1_90' title='bbox 1567 881 1620 949; x_wconf 90' lang='lat' dir='ltr'><strong>ait,</strong></span> <span class='ocrx_word' id='word_1_91' title='bbox 1641 880 1724 937; x_wconf 83' lang='lat' dir='ltr'><strong>Sinite</strong></span> <span class='ocrx_word' id='word_1_92' title='bbox 1742 890 1849 953; x_wconf 86' lang='lat' dir='ltr'><strong>utraque</strong></span> 
     </span>
     <span class='ocr_line' id='line_1_8' title="bbox 223 965 1847 1055; baseline 0.017 -54"><span class='ocrx_word' id='word_1_93' title='bbox 223 1006 267 1050; x_wconf 42' lang='lat' dir='ltr'><strong>‘u‘</strong></span> <span class='ocrx_word' id='word_1_94' title='bbox 273 991 406 1046; x_wconf 86' lang='lat' dir='ltr'><strong>toritatem</strong></span> <span class='ocrx_word' id='word_1_95' title='bbox 430 982 622 1055; x_wconf 50' lang='lat' dir='ltr'><strong>prophetarum</strong></span> <span class='ocrx_word' id='word_1_96' title='bbox 645 986 673 1035; x_wconf 58' lang='lat' dir='ltr'><strong>e,</strong></span> <span class='ocrx_word' id='word_1_97' title='bbox 694 975 875 1033; x_wconf 61' lang='lat' dir='ltr'><strong>cufposqpqem</strong></span> <span class='ocrx_word' id='word_1_98' title='bbox 899 970 1011 1028; x_wconf 59' lang='lat' dir='ltr'><strong>„prpte-</strong></span> <span class='ocrx_word' id='word_1_99' title='bbox 1062 978 1172 1019; x_wconf 70' lang='lat' dir='ltr'><strong>crecere</strong></span> <span class='ocrx_word' id='word_1_100' title='bbox 1183 980 1259 1037; x_wconf 69' lang='lat' dir='ltr'><strong>uque</strong></span> <span class='ocrx_word' id='word_1_101' title='bbox 1269 965 1304 1021; x_wconf 86' lang='lat' dir='ltr'><strong>ud</strong></span> <span class='ocrx_word' id='word_1_102' title='bbox 1316 983 1418 1023; x_wconf 80' lang='lat' dir='ltr'><strong>nussrm</strong></span> <span class='ocrx_word' id='word_1_103' title='bbox 1433 966 1536 1042; x_wconf 85' lang='lat' dir='ltr'><strong>(llutth.</strong></span> <span class='ocrx_word' id='word_1_104' title='bbox 1551 984 1615 1038; x_wconf 85' lang='lat' dir='ltr'><strong>xtn,</strong></span> <span class='ocrx_word' id='word_1_105' title='bbox 1630 969 1676 1042; x_wconf 73' lang='lat' dir='ltr'><strong>hd)</strong></span> <span class='ocrx_word' id='word_1_106' title='bbox 1690 989 1697 1027; x_wconf 91' lang='lat'><strong>:</strong></span> <span class='ocrx_word' id='word_1_107' title='bbox 1712 987 1747 1030; x_wconf 89' lang='lat' dir='ltr'><strong>ne</strong></span> <span class='ocrx_word' id='word_1_108' title='bbox 1760 973 1847 1044; x_wconf 91' lang='lat' dir='ltr'><strong>impa-</strong></span> 
     </span>
     <span class='ocr_line' id='line_1_9' title="bbox 223 1053 1849 1154; baseline -0.011 -17"><span class='ocrx_word' id='word_1_109' title='bbox 223 1094 327 1154; x_wconf 77' lang='lat' dir='ltr'><strong>qorum.</strong></span> <span class='ocrx_word' id='word_1_110' title='bbox 1063 1053 1155 1109; x_wconf 89' lang='lat' dir='ltr'><strong>tientia</strong></span> <span class='ocrx_word' id='word_1_111' title='bbox 1168 1054 1295 1111; x_wconf 90' lang='lat' dir='ltr'><strong>tolerandi</strong></span> <span class='ocrx_word' id='word_1_112' title='bbox 1308 1057 1409 1126; x_wconf 86' lang='lat' dir='ltr'><strong>malos,</strong></span> <span class='ocrx_word' id='word_1_113' title='bbox 1425 1059 1606 1131; x_wconf 80' lang='lat' dir='ltr'><strong>relinquantur</strong></span> <span class='ocrx_word' id='word_1_114' title='bbox 1619 1060 1698 1127; x_wconf 94' lang='lat' dir='ltr'><strong>bonl,</strong></span> <span class='ocrx_word' id='word_1_115' title='bbox 1719 1063 1765 1134; x_wconf 92' lang='lat' dir='ltr'><strong>qni</strong></span> <span class='ocrx_word' id='word_1_116' title='bbox 1786 1077 1849 1134; x_wconf 89' lang='lat' dir='ltr'><strong>pro-</strong></span> 
     </span>
    </p>

    <p class='ocr_par' dir='ltr' id='par_1_4' title="bbox 227 1145 1852 1776">
     <span class='ocr_line' id='line_1_10' title="bbox 259 1145 1848 1226; baseline -0.006 -6"><span class='ocrx_word' id='word_1_117' title='bbox 259 1168 373 1226; x_wconf 78' lang='lat' dir='ltr'><strong>GhPUl</strong></span> <span class='ocrx_word' id='word_1_118' title='bbox 392 1164 461 1221; x_wconf 77' lang='lat' dir='ltr'><strong>xvi.</strong></span> <span class='ocrx_word' id='word_1_119' title='bbox 471 1191 508 1205; x_wconf 83' lang='lat'>-</span> <span class='ocrx_word' id='word_1_120' title='bbox 520 1161 567 1217; x_wconf 87' lang='lat' dir='ltr'><strong>llis</strong></span> <span class='ocrx_word' id='word_1_121' title='bbox 579 1168 607 1216; x_wconf 90' lang='lat' dir='ltr'><strong>ct</strong></span> <span class='ocrx_word' id='word_1_122' title='bbox 620 1157 734 1221; x_wconf 88' lang='lat' dir='ltr'><strong>talibus,</strong></span> <span class='ocrx_word' id='word_1_123' title='bbox 747 1167 806 1225; x_wconf 75' lang='lat' dir='ltr'><strong>qne</strong></span> <span class='ocrx_word' id='word_1_124' title='bbox 817 1167 888 1208; x_wconf 88' lang='lat' dir='ltr'><strong>nrrnc</strong></span> <span class='ocrx_word' id='word_1_125' title='bbox 897 1149 1013 1206; x_wconf 88' lang='lat' dir='ltr'><strong>breviter</strong></span> <span class='ocrx_word' id='word_1_126' title='bbox 1065 1145 1122 1215; x_wconf 86' lang='lat' dir='ltr'><strong>prie</strong></span> <span class='ocrx_word' id='word_1_127' title='bbox 1133 1154 1195 1202; x_wconf 90' lang='lat' dir='ltr'><strong>soni</strong></span> <span class='ocrx_word' id='word_1_128' title='bbox 1206 1162 1301 1216; x_wconf 77' lang='lat' dir='ltr'><strong>corpur</strong></span> <span class='ocrx_word' id='word_1_129' title='bbox 1313 1148 1428 1216; x_wconf 73' lang='lat' dir='ltr'><strong>Christi:</strong></span> <span class='ocrx_word' id='word_1_130' title='bbox 1442 1162 1470 1207; x_wconf 90' lang='lat' dir='ltr'><strong>et</strong></span> <span class='ocrx_word' id='word_1_131' title='bbox 1482 1151 1541 1208; x_wconf 91' lang='lat' dir='ltr'><strong>ideo</strong></span> <span class='ocrx_word' id='word_1_132' title='bbox 1552 1167 1613 1209; x_wconf 89' lang='lat' dir='ltr'><strong>eum</strong></span> <span class='ocrx_word' id='word_1_133' title='bbox 1628 1153 1677 1225; x_wconf 85' lang='lat' dir='ltr'><strong>ipsi</strong></span> <span class='ocrx_word' id='word_1_134' title='bbox 1691 1155 1848 1226; x_wconf 90' lang='lat' dir='ltr'><strong>relinquun-</strong></span> 
     </span>
     <span class='ocr_line' id='line_1_11' title="bbox 227 1236 1847 1333; baseline -0.002 -28"><span class='ocrx_word' id='word_1_135' title='bbox 227 1263 374 1333; x_wconf 64' lang='lat' dir='ltr'><strong>pangrrnnr,</strong></span> <span class='ocrx_word' id='word_1_136' title='bbox 394 1266 457 1313; x_wconf 87' lang='lat' dir='ltr'><strong>tnnc</strong></span> <span class='ocrx_word' id='word_1_137' title='bbox 476 1254 544 1310; x_wconf 88' lang='lat' dir='ltr'><strong>lorte</strong></span> <span class='ocrx_word' id='word_1_138' title='bbox 563 1266 611 1322; x_wconf 92' lang='lat' dir='ltr'><strong>pro</strong></span> <span class='ocrx_word' id='word_1_139' title='bbox 633 1246 792 1304; x_wconf 83' lang='lat' dir='ltr'><strong>necessitate</strong></span> <span class='ocrx_word' id='word_1_140' title='bbox 805 1241 954 1314; x_wconf 81' lang='lat' dir='ltr'><strong>depellendi</strong></span> <span class='ocrx_word' id='word_1_141' title='bbox 968 1256 1013 1296; x_wconf 91' lang='lat' dir='ltr'><strong>vc·</strong></span> <span class='ocrx_word' id='word_1_142' title='bbox 1066 1243 1125 1300; x_wconf 87' lang='lat' dir='ltr'><strong>tur,</strong></span> <span class='ocrx_word' id='word_1_143' title='bbox 1145 1236 1193 1293; x_wconf 91' lang='lat' dir='ltr'><strong>iile</strong></span> <span class='ocrx_word' id='word_1_144' title='bbox 1213 1238 1379 1310; x_wconf 77' lang='lat' dir='ltr'><strong>relinquitur.</strong></span> <span class='ocrx_word' id='word_1_145' title='bbox 1407 1241 1480 1298; x_wconf 88' lang='lat' dir='ltr'><strong>Unde</strong></span> <span class='ocrx_word' id='word_1_146' title='bbox 1501 1242 1612 1314; x_wconf 82' lang='lat' dir='ltr'><strong>subjecit</strong></span> <span class='ocrx_word' id='word_1_147' title='bbox 1630 1252 1709 1316; x_wconf 89' lang='lat' dir='ltr'><strong>atque</strong></span> <span class='ocrx_word' id='word_1_148' title='bbox 1728 1244 1847 1314; x_wconf 89' lang='lat' dir='ltr'><strong>addidit,</strong></span> 
     </span>
     <span class='ocr_line' id='line_1_12' title="bbox 228 1324 1850 1414; baseline -0.01 -7"><span class='ocrx_word' id='word_1_149' title='bbox 228 1350 328 1408; x_wconf 82' lang='lat' dir='ltr'><strong>teritosi</strong></span> <span class='ocrx_word' id='word_1_150' title='bbox 342 1346 441 1403; x_wconf 90' lang='lat' dir='ltr'><strong>erroris</strong></span> <span class='ocrx_word' id='word_1_151' title='bbox 457 1344 591 1414; x_wconf 86' lang='lat' dir='ltr'><strong>aliquanto</strong></span> <span class='ocrx_word' id='word_1_152' title='bbox 610 1338 688 1394; x_wconf 91' lang='lat' dir='ltr'><strong>latios</strong></span> <span class='ocrx_word' id='word_1_153' title='bbox 704 1335 860 1405; x_wconf 84' lang='lat' dir='ltr'><strong>disputatis,</strong></span> <span class='ocrx_word' id='word_1_154' title='bbox 879 1340 907 1387; x_wconf 91' lang='lat' dir='ltr'><strong>et</strong></span> <span class='ocrx_word' id='word_1_155' title='bbox 917 1329 1014 1386; x_wconf 89' lang='lat' dir='ltr'><strong>robore</strong></span> <span class='ocrx_word' id='word_1_156' title='bbox 1068 1324 1183 1381; x_wconf 75' lang='lat' dir='ltr'><strong>linirent</strong></span> <span class='ocrx_word' id='word_1_157' title='bbox 1198 1327 1240 1398; x_wconf 86' lang='lat' dir='ltr'><strong>qui</strong></span> <span class='ocrx_word' id='word_1_158' title='bbox 1253 1336 1277 1382; x_wconf 87' lang='lat' dir='ltr'><strong>te</strong></span> <span class='ocrx_word' id='word_1_159' title='bbox 1292 1329 1478 1400; x_wconf 83' lang='lat' dir='ltr'><strong>derelinquunt,</strong></span> <span class='ocrx_word' id='word_1_160' title='bbox 1492 1342 1651 1391; x_wconf 84' lang='lat' dir='ltr'><strong>terreantur:</strong></span> <span class='ocrx_word' id='word_1_161' title='bbox 1662 1336 1850 1409; x_wconf 73' lang='lat' dir='ltr'><strong>confundentur</strong></span> 
     </span>
     <span class='ocr_line' id='line_1_13' title="bbox 228 1412 1848 1507; baseline -0.002 -20"><span class='ocrx_word' id='word_1_162' title='bbox 228 1412 359 1498; x_wconf 58' lang='lat' dir='ltr'><strong>„perieris</strong></span> <span class='ocrx_word' id='word_1_163' title='bbox 372 1433 534 1507; x_wconf 87' lang='lat' dir='ltr'><strong>probationis</strong></span> <span class='ocrx_word' id='word_1_164' title='bbox 544 1429 665 1490; x_wconf 87' lang='lat' dir='ltr'><strong>assertis,</strong></span> <span class='ocrx_word' id='word_1_165' title='bbox 678 1427 723 1481; x_wconf 91' lang='lat' dir='ltr'><strong>illc</strong></span> <span class='ocrx_word' id='word_1_166' title='bbox 732 1423 839 1496; x_wconf 76' lang='lat' dir='ltr'><strong>gentilis</strong></span> <span class='ocrx_word' id='word_1_167' title='bbox 847 1435 926 1492; x_wconf 90' lang='lat' dir='ltr'><strong>quem</strong></span> <span class='ocrx_word' id='word_1_168' title='bbox 938 1418 1015 1474; x_wconf 91' lang='lat' dir='ltr'><strong>nobis</strong></span> <span class='ocrx_word' id='word_1_169' title='bbox 1066 1414 1110 1485; x_wconf 85' lang='lat' dir='ltr'><strong>qui</strong></span> <span class='ocrx_word' id='word_1_170' title='bbox 1120 1425 1273 1471; x_wconf 80' lang='lat' dir='ltr'><strong>recesserunt</strong></span> <span class='ocrx_word' id='word_1_171' title='bbox 1290 1418 1317 1472; x_wconf 85' lang='lat' dir='ltr'><strong>in</strong></span> <span class='ocrx_word' id='word_1_172' title='bbox 1331 1428 1433 1475; x_wconf 80' lang='lat' dir='ltr'><strong>terrem</strong></span> <span class='ocrx_word' id='word_1_173' title='bbox 1448 1422 1529 1478; x_wconf 84' lang='lat' dir='ltr'><strong>Terre</strong></span> <span class='ocrx_word' id='word_1_174' title='bbox 1542 1430 1584 1479; x_wconf 86' lang='lat' dir='ltr'><strong>est</strong></span> <span class='ocrx_word' id='word_1_175' title='bbox 1596 1425 1666 1482; x_wconf 87' lang='lat' dir='ltr'><strong>enim</strong></span> <span class='ocrx_word' id='word_1_176' title='bbox 1680 1425 1761 1482; x_wconf 91' lang='lat' dir='ltr'><strong>homo</strong></span> <span class='ocrx_word' id='word_1_177' title='bbox 1773 1425 1806 1483; x_wconf 88' lang='lat' dir='ltr'><strong>de</strong></span> <span class='ocrx_word' id='word_1_178' title='bbox 1819 1442 1848 1484; x_wconf 86' lang='lat' dir='ltr'><strong>se</strong></span> 
     </span>
     <span class='ocr_line' id='line_1_14' title="bbox 229 1509 1851 1588; baseline -0.007 -3"><span class='ocrx_word' id='word_1_179' title='bbox 229 1525 444 1586; x_wconf 86' lang='lat' dir='ltr'><strong>catechizandum</strong></span> <span class='ocrx_word' id='word_1_180' title='bbox 463 1522 577 1577; x_wconf 79' lang='lat' dir='ltr'><strong>Faustus</strong></span> <span class='ocrx_word' id='word_1_181' title='bbox 596 1516 748 1588; x_wconf 89' lang='lat' dir='ltr'><strong>proposuit,</strong></span> <span class='ocrx_word' id='word_1_182' title='bbox 763 1514 786 1569; x_wconf 90' lang='lat' dir='ltr'><strong>si</strong></span> <span class='ocrx_word' id='word_1_183' title='bbox 807 1512 919 1568; x_wconf 87' lang='lat' dir='ltr'><strong>salutem</strong></span> <span class='ocrx_word' id='word_1_184' title='bbox 939 1523 1015 1565; x_wconf 91' lang='lat' dir='ltr'><strong>snam</strong></span> <span class='ocrx_word' id='word_1_185' title='bbox 1066 1518 1244 1574; x_wconf 78' lang='lat' dir='ltr'><strong>presumens,</strong></span> <span class='ocrx_word' id='word_1_186' title='bbox 1260 1516 1339 1579; x_wconf 88' lang='lat' dir='ltr'><strong>atquc</strong></span> <span class='ocrx_word' id='word_1_187' title='bbox 1350 1509 1415 1565; x_wconf 89' lang='lat' dir='ltr'><strong>alios</strong></span> <span class='ocrx_word' id='word_1_188' title='bbox 1430 1516 1458 1567; x_wconf 87' lang='lat' dir='ltr'><strong>tit</strong></span> <span class='ocrx_word' id='word_1_189' title='bbox 1471 1511 1504 1568; x_wconf 90' lang='lat' dir='ltr'><strong>dc</strong></span> <span class='ocrx_word' id='word_1_190' title='bbox 1516 1513 1573 1583; x_wconf 88' lang='lat' dir='ltr'><strong>ipso</strong></span> <span class='ocrx_word' id='word_1_191' title='bbox 1585 1522 1762 1586; x_wconf 71' lang='lat' dir='ltr'><strong>presumatur</strong></span> <span class='ocrx_word' id='word_1_192' title='bbox 1773 1517 1851 1574; x_wconf 90' lang='lat' dir='ltr'><strong>indn-</strong></span> 
     </span>
     <span class='ocr_line' id='line_1_15' title="bbox 231 1595 1851 1692; baseline -0.004 -22"><span class='ocrx_word' id='word_1_193' title='bbox 231 1621 346 1692; x_wconf 81' lang='lat' dir='ltr'><strong>pcccatis</strong></span> <span class='ocrx_word' id='word_1_194' title='bbox 372 1617 427 1672; x_wconf 90' lang='lat' dir='ltr'><strong>snis</strong></span> <span class='ocrx_word' id='word_1_195' title='bbox 450 1618 635 1684; x_wconf 76' lang='lat' dir='ltr'><strong>preponeret,</strong></span> <span class='ocrx_word' id='word_1_196' title='bbox 661 1606 781 1678; x_wconf 89' lang='lat' dir='ltr'><strong>prolecto</strong></span> <span class='ocrx_word' id='word_1_197' title='bbox 807 1610 958 1660; x_wconf 86' lang='lat' dir='ltr'><strong>moveretur</strong></span> <span class='ocrx_word' id='word_1_198' title='bbox 982 1598 1017 1655; x_wconf 90' lang='lat' dir='ltr'><strong>ad</strong></span> <span class='ocrx_word' id='word_1_199' title='bbox 1067 1608 1131 1650; x_wconf 88' lang='lat' dir='ltr'><strong>oens</strong></span> <span class='ocrx_word' id='word_1_200' title='bbox 1143 1611 1150 1649; x_wconf 77' lang='grc' dir='ltr'><strong><em>ε</em></strong></span> <span class='ocrx_word' id='word_1_201' title='bbox 1163 1603 1191 1651; x_wconf 92' lang='lat' dir='ltr'><strong>et</strong></span> <span class='ocrx_word' id='word_1_202' title='bbox 1203 1595 1262 1652; x_wconf 90' lang='lat' dir='ltr'><strong>ideo</strong></span> <span class='ocrx_word' id='word_1_203' title='bbox 1274 1599 1400 1668; x_wconf 88' lang='lat' dir='ltr'><strong>sequitur,</strong></span> <span class='ocrx_word' id='word_1_204' title='bbox 1416 1599 1573 1669; x_wconf 71' lang='lat' dir='ltr'><strong>liverentur,</strong></span> <span class='ocrx_word' id='word_1_205' title='bbox 1586 1604 1851 1681; x_wconf 75' lang='lat' dir='ltr'><strong>pteniamdereiique-</strong></span> 
     </span>
     <span class='ocr_line' id='line_1_16' title="bbox 232 1684 1852 1776; baseline 0.019 -53"><span class='ocrx_word' id='word_1_206' title='bbox 232 1710 395 1776; x_wconf 40' lang='lat' dir='ltr'>fldemtqua</span> <span class='ocrx_word' id='word_1_207' title='bbox 409 1705 525 1759; x_wconf 50' lang='lat' dir='ltr'><strong>imbutus</strong></span> <span class='ocrx_word' id='word_1_208' title='bbox 537 1710 564 1758; x_wconf 51' lang='grc' dir='ltr'><strong>θ)</strong></span> <span class='ocrx_word' id='word_1_209' title='bbox 581 1700 608 1756; x_wconf 58' lang='lat' dir='ltr'><strong>pn</strong></span> <span class='ocrx_word' id='word_1_210' title='bbox 624 1693 900 1754; x_wconf 51' lang='lat' dir='ltr'><strong>Eccpoepaefflppoppae</strong></span> <span class='ocrx_word' id='word_1_211' title='bbox 916 1690 1018 1762; x_wconf 67' lang='lat' dir='ltr'><strong>gremio</strong></span> <span class='ocrx_word' id='word_1_212' title='bbox 1068 1691 1126 1738; x_wconf 84' lang='lat' dir='ltr'><strong>runt</strong></span> <span class='ocrx_word' id='word_1_213' title='bbox 1145 1684 1238 1754; x_wconf 75' lang='lat' dir='ltr'><strong>sentent</strong></span> <span class='ocrx_word' id='word_1_214' title='bbox 1257 1688 1314 1740; x_wconf 78' lang='lat' dir='ltr'><strong>vite</strong></span> <span class='ocrx_word' id='word_1_215' title='bbox 1335 1686 1480 1745; x_wconf 81' lang='lat' dir='ltr'><strong>Dentiunnv.</strong></span> <span class='ocrx_word' id='word_1_216' title='bbox 1500 1691 1568 1759; x_wconf 84' lang='lat' dir='ltr'><strong>Qirid</strong></span> <span class='ocrx_word' id='word_1_217' title='bbox 1581 1693 1652 1749; x_wconf 86' lang='lat' dir='ltr'><strong>enim</strong></span> <span class='ocrx_word' id='word_1_218' title='bbox 1671 1694 1852 1754; x_wconf 85' lang='lat' dir='ltr'><strong>aliudclamat</strong></span> 
     </span>
    </p>
   </div>
   <div class='ocr_carea' id='block_1_4' title="bbox 181 1786 1033 3208">
    <p class='ocr_par' dir='ltr' id='par_1_5' title="bbox 181 1786 1033 3208">
     <span class='ocr_line' id='line_1_17' title="bbox 232 1786 1019 1859; baseline -0.027 -4"><span class='ocrx_word' id='word_1_219' title='bbox 232 1798 361 1855; x_wconf 76' lang='lat' dir='ltr'><strong>lucendus</strong></span> <span class='ocrx_word' id='word_1_220' title='bbox 374 1796 532 1857; x_wconf 78' lang='lat' dir='ltr'><strong>celnodus,</strong></span> <span class='ocrx_word' id='word_1_221' title='bbox 554 1795 750 1859; x_wconf 85' lang='lat' dir='ltr'><strong>consequenter</strong></span> <span class='ocrx_word' id='word_1_222' title='bbox 766 1786 845 1841; x_wconf 87' lang='lat' dir='ltr'><strong>etiam</strong></span> <span class='ocrx_word' id='word_1_223' title='bbox 865 1787 1019 1837; x_wconf 84' lang='lat' dir='ltr'><strong>moneretur</strong></span> 
     </span>
     <span class='ocr_line' id='line_1_18' title="bbox 232 1872 1019 1960; baseline -0.025 -16"><span class='ocrx_word' id='word_1_224' title='bbox 232 1905 299 1960; x_wconf 91' lang='lat' dir='ltr'><strong>quos</strong></span> <span class='ocrx_word' id='word_1_225' title='bbox 313 1901 401 1942; x_wconf 89' lang='lat' dir='ltr'><strong>mores</strong></span> <span class='ocrx_word' id='word_1_226' title='bbox 414 1893 507 1940; x_wconf 88' lang='lat' dir='ltr'><strong>tenere</strong></span> <span class='ocrx_word' id='word_1_227' title='bbox 520 1881 640 1937; x_wconf 87' lang='lat' dir='ltr'><strong>deberet.</strong></span> <span class='ocrx_word' id='word_1_228' title='bbox 655 1877 746 1947; x_wconf 90' lang='lat' dir='ltr'><strong>Neque</strong></span> <span class='ocrx_word' id='word_1_229' title='bbox 763 1872 961 1946; x_wconf 79' lang='lat' dir='ltr'><strong>perturbaretur</strong></span> <span class='ocrx_word' id='word_1_230' title='bbox 972 1884 1019 1926; x_wconf 90' lang='lat' dir='ltr'><strong>eo·</strong></span> 
     </span>
     <span class='ocr_line' id='line_1_19' title="bbox 232 1960 1018 2041; baseline -0.023 -7"><span class='ocrx_word' id='word_1_231' title='bbox 232 1995 290 2034; x_wconf 86' lang='lat' dir='ltr'><strong>rvnn</strong></span> <span class='ocrx_word' id='word_1_232' title='bbox 304 1975 483 2039; x_wconf 88' lang='lat' dir='ltr'><strong>multitudine,</strong></span> <span class='ocrx_word' id='word_1_233' title='bbox 499 1973 525 2027; x_wconf 90' lang='lat' dir='ltr'><strong>in</strong></span> <span class='ocrx_word' id='word_1_234' title='bbox 540 1971 635 2041; x_wconf 87' lang='lat' dir='ltr'><strong>quihus</strong></span> <span class='ocrx_word' id='word_1_235' title='bbox 647 1982 678 2022; x_wconf 88' lang='lat' dir='ltr'><strong>ea</strong></span> <span class='ocrx_word' id='word_1_236' title='bbox 691 1980 744 2020; x_wconf 91' lang='lat' dir='ltr'><strong>non</strong></span> <span class='ocrx_word' id='word_1_237' title='bbox 757 1963 888 2020; x_wconf 85' lang='lat' dir='ltr'><strong>inueniret</strong></span> <span class='ocrx_word' id='word_1_238' title='bbox 897 1975 956 2031; x_wconf 79' lang='lat' dir='ltr'><strong>qnae</strong></span> <span class='ocrx_word' id='word_1_239' title='bbox 970 1960 1018 2016; x_wconf 90' lang='lat' dir='ltr'><strong>ob·</strong></span> 
     </span>
     <span class='ocr_line' id='line_1_20' title="bbox 232 2055 1019 2138; baseline -0.027 -12"><span class='ocrx_word' id='word_1_240' title='bbox 232 2084 338 2126; x_wconf 73' lang='lat' dir='ltr'><strong>serrare</strong></span> <span class='ocrx_word' id='word_1_241' title='bbox 350 2068 489 2138; x_wconf 83' lang='lat' dir='ltr'><strong>juberetur</strong></span> <span class='ocrx_word' id='word_1_242' title='bbox 501 2082 508 2119; x_wconf 75' lang='grc' dir='ltr'><strong><em>ε</em></strong></span> <span class='ocrx_word' id='word_1_243' title='bbox 524 2061 645 2133; x_wconf 89' lang='lat' dir='ltr'><strong>quamvis</strong></span> <span class='ocrx_word' id='word_1_244' title='bbox 655 2073 715 2115; x_wconf 93' lang='lat' dir='ltr'><strong>cum</strong></span> <span class='ocrx_word' id='word_1_245' title='bbox 727 2071 761 2113; x_wconf 90' lang='lat' dir='ltr'><strong>co</strong></span> <span class='ocrx_word' id='word_1_246' title='bbox 772 2055 945 2127; x_wconf 88' lang='lat' dir='ltr'><strong>corporaliter</strong></span> <span class='ocrx_word' id='word_1_247' title='bbox 956 2067 1019 2108; x_wconf 87' lang='lat' dir='ltr'><strong>con·</strong></span> 
     </span>
     <span class='ocr_line' id='line_1_21' title="bbox 231 2136 1019 2231; baseline -0.022 -16"><span class='ocrx_word' id='word_1_248' title='bbox 231 2136 404 2231; x_wconf 74' lang='lat' dir='ltr'><strong>preparentur</strong></span> <span class='ocrx_word' id='word_1_249' title='bbox 416 2157 441 2210; x_wconf 95' lang='lat' dir='ltr'><strong>in</strong></span> <span class='ocrx_word' id='word_1_250' title='bbox 459 2153 613 2217; x_wconf 81' lang='lat' dir='ltr'><strong>Ecclesiam,</strong></span> <span class='ocrx_word' id='word_1_251' title='bbox 627 2158 655 2207; x_wconf 89' lang='lat' dir='ltr'><strong>ct</strong></span> <span class='ocrx_word' id='word_1_252' title='bbox 667 2148 761 2205; x_wconf 91' lang='lat' dir='ltr'><strong>cadem</strong></span> <span class='ocrx_word' id='word_1_253' title='bbox 775 2147 946 2204; x_wconf 83' lang='lat' dir='ltr'><strong>Sacramenta</strong></span> <span class='ocrx_word' id='word_1_254' title='bbox 958 2159 1019 2216; x_wconf 87' lang='lat' dir='ltr'><strong>per·</strong></span> 
     </span>
     <span class='ocr_line' id='line_1_22' title="bbox 181 2235 1019 2330; baseline -0.024 -24"><span class='ocrx_word' id='word_1_255' title='bbox 181 2312 188 2330; x_wconf 37' lang='lat' dir='ltr'>f</span> <span class='ocrx_word' id='word_1_256' title='bbox 232 2250 360 2320; x_wconf 83' lang='lat' dir='ltr'><strong>ciperent.</strong></span> <span class='ocrx_word' id='word_1_257' title='bbox 375 2245 462 2304; x_wconf 84' lang='lat' dir='ltr'><strong>Sciret</strong></span> <span class='ocrx_word' id='word_1_258' title='bbox 481 2241 648 2313; x_wconf 85' lang='lat' dir='ltr'><strong>campaneis</strong></span> <span class='ocrx_word' id='word_1_259' title='bbox 667 2237 848 2294; x_wconf 70' lang='lat' dir='ltr'><strong>haereditatem</strong></span> <span class='ocrx_word' id='word_1_260' title='bbox 871 2235 937 2300; x_wconf 83' lang='lat' dir='ltr'><strong>ilci,</strong></span> <span class='ocrx_word' id='word_1_261' title='bbox 959 2247 1019 2288; x_wconf 85' lang='lat' dir='ltr'><strong>cura</strong></span> 
     </span>
     <span class='ocr_line' id='line_1_23' title="bbox 232 2322 1020 2404; baseline -0.022 -10"><span class='ocrx_word' id='word_1_262' title='bbox 232 2339 322 2394; x_wconf 91' lang='lat' dir='ltr'><strong>moltis</strong></span> <span class='ocrx_word' id='word_1_263' title='bbox 334 2345 421 2391; x_wconf 88' lang='lat' dir='ltr'><strong>autem</strong></span> <span class='ocrx_word' id='word_1_264' title='bbox 432 2332 565 2404; x_wconf 76' lang='lat' dir='ltr'><strong>signacula</strong></span> <span class='ocrx_word' id='word_1_265' title='bbox 576 2331 634 2401; x_wconf 83' lang='lat' dir='ltr'><strong>ejus</strong></span> <span class='ocrx_word' id='word_1_266' title='bbox 642 2327 823 2401; x_wconf 83' lang='lat' dir='ltr'><strong>participanda</strong></span> <span class='ocrx_word' id='word_1_267' title='bbox 836 2344 843 2381; x_wconf 93' lang='lat'><strong>:</strong></span> <span class='ocrx_word' id='word_1_268' title='bbox 857 2340 917 2380; x_wconf 88' lang='lat' dir='ltr'><strong>curn</strong></span> <span class='ocrx_word' id='word_1_269' title='bbox 929 2322 1020 2394; x_wconf 91' lang='lat' dir='ltr'><strong>paucis</strong></span> 
     </span>
     <span class='ocr_line' id='line_1_24' title="bbox 233 2411 1021 2485; baseline -0.024 -2"><span class='ocrx_word' id='word_1_270' title='bbox 233 2418 693 2485; x_wconf 85' lang='lat' dir='ltr'><strong>communicaresatrctitatcmvitae,</strong></span> <span class='ocrx_word' id='word_1_271' title='bbox 716 2425 743 2472; x_wconf 92' lang='lat' dir='ltr'><strong>ct</strong></span> <span class='ocrx_word' id='word_1_272' title='bbox 765 2416 864 2471; x_wconf 93' lang='lat' dir='ltr'><strong>donnnt</strong></span> <span class='ocrx_word' id='word_1_273' title='bbox 885 2411 1021 2468; x_wconf 87' lang='lat' dir='ltr'><strong>charitatis</strong></span> 
     </span>
     <span class='ocr_line' id='line_1_25' title="bbox 233 2501 1020 2581; baseline -0.025 -7"><span class='ocrx_word' id='word_1_274' title='bbox 233 2518 335 2575; x_wconf 84' lang='lat' dir='ltr'><strong>dillusar</strong></span> <span class='ocrx_word' id='word_1_275' title='bbox 353 2516 379 2571; x_wconf 94' lang='lat' dir='ltr'><strong>in</strong></span> <span class='ocrx_word' id='word_1_276' title='bbox 392 2514 515 2570; x_wconf 83' lang='lat' dir='ltr'><strong>tordilvns</strong></span> <span class='ocrx_word' id='word_1_277' title='bbox 528 2512 625 2567; x_wconf 89' lang='lat' dir='ltr'><strong>nostris</strong></span> <span class='ocrx_word' id='word_1_278' title='bbox 641 2507 830 2581; x_wconf 82' lang='lat' dir='ltr'><strong>perspiritum</strong></span> <span class='ocrx_word' id='word_1_279' title='bbox 843 2512 962 2559; x_wconf 86' lang='lat' dir='ltr'><strong>sanctum</strong></span> <span class='ocrx_word' id='word_1_280' title='bbox 975 2501 1020 2571; x_wconf 90' lang='lat' dir='ltr'><strong>qui</strong></span> 
     </span>
     <span class='ocr_line' id='line_1_26' title="bbox 234 2590 1022 2674; baseline -0.025 -11"><span class='ocrx_word' id='word_1_281' title='bbox 234 2607 312 2663; x_wconf 87' lang='lat' dir='ltr'><strong>datos</strong></span> <span class='ocrx_word' id='word_1_282' title='bbox 324 2615 364 2660; x_wconf 90' lang='lat' dir='ltr'><strong>est</strong></span> <span class='ocrx_word' id='word_1_283' title='bbox 382 2603 459 2659; x_wconf 85' lang='lat' dir='ltr'><strong>nolvis</strong></span> <span class='ocrx_word' id='word_1_284' title='bbox 473 2602 560 2674; x_wconf 84' lang='lat' dir='ltr'><strong>(dent.</strong></span> <span class='ocrx_word' id='word_1_285' title='bbox 574 2615 601 2664; x_wconf 85' lang='lat' dir='ltr'><strong>v,</strong></span> <span class='ocrx_word' id='word_1_286' title='bbox 612 2599 651 2669; x_wconf 81' lang='lat'><strong>5),</strong></span> <span class='ocrx_word' id='word_1_287' title='bbox 664 2596 696 2652; x_wconf 89' lang='lat' dir='ltr'><strong>ad</strong></span> <span class='ocrx_word' id='word_1_288' title='bbox 710 2610 787 2666; x_wconf 92' lang='lat' dir='ltr'><strong>quem</strong></span> <span class='ocrx_word' id='word_1_289' title='bbox 801 2594 901 2649; x_wconf 85' lang='lat' dir='ltr'><strong>iontem</strong></span> <span class='ocrx_word' id='word_1_290' title='bbox 913 2590 1022 2646; x_wconf 83' lang='lat' dir='ltr'><strong>interin-</strong></span> 
     </span>
     <span class='ocr_line' id='line_1_27' title="bbox 235 2679 1022 2754; baseline -0.025 0"><span class='ocrx_word' id='word_1_291' title='bbox 235 2713 291 2754; x_wconf 89' lang='lat' dir='ltr'><strong>rem</strong></span> <span class='ocrx_word' id='word_1_292' title='bbox 304 2696 392 2750; x_wconf 89' lang='lat' dir='ltr'><strong>nullus</strong></span> <span class='ocrx_word' id='word_1_293' title='bbox 402 2693 503 2747; x_wconf 90' lang='lat' dir='ltr'><strong>aiicnns</strong></span> <span class='ocrx_word' id='word_1_294' title='bbox 513 2689 632 2754; x_wconf 86' lang='lat' dir='ltr'><strong>aceedit;</strong></span> <span class='ocrx_word' id='word_1_295' title='bbox 647 2701 707 2741; x_wconf 89' lang='lat' dir='ltr'><strong>cnm</strong></span> <span class='ocrx_word' id='word_1_296' title='bbox 722 2684 812 2740; x_wconf 76' lang='lat' dir='ltr'><strong>munitis</strong></span> <span class='ocrx_word' id='word_1_297' title='bbox 824 2692 911 2738; x_wconf 89' lang='lat' dir='ltr'><strong>antem</strong></span> <span class='ocrx_word' id='word_1_298' title='bbox 925 2679 1022 2737; x_wconf 91' lang='lat' dir='ltr'><strong>sancti-</strong></span> 
     </span>
     <span class='ocr_line' id='line_1_28' title="bbox 236 2769 1021 2848; baseline -0.023 -6"><span class='ocrx_word' id='word_1_299' title='bbox 236 2795 315 2841; x_wconf 90' lang='lat' dir='ltr'><strong>tatem</strong></span> <span class='ocrx_word' id='word_1_300' title='bbox 328 2780 510 2845; x_wconf 83' lang='lat' dir='ltr'><strong>Sacramenti,</strong></span> <span class='ocrx_word' id='word_1_301' title='bbox 530 2776 600 2848; x_wconf 87' lang='lat' dir='ltr'><strong>qnod</strong></span> <span class='ocrx_word' id='word_1_302' title='bbox 613 2776 657 2846; x_wconf 94' lang='lat' dir='ltr'><strong>qni</strong></span> <span class='ocrx_word' id='word_1_303' title='bbox 671 2773 812 2829; x_wconf 89' lang='lat' dir='ltr'><strong>manducat</strong></span> <span class='ocrx_word' id='word_1_304' title='bbox 831 2779 860 2827; x_wconf 90' lang='lat' dir='ltr'><strong>et</strong></span> <span class='ocrx_word' id='word_1_305' title='bbox 871 2771 939 2826; x_wconf 90' lang='lat' dir='ltr'><strong>bibit</strong></span> <span class='ocrx_word' id='word_1_306' title='bbox 951 2769 1021 2825; x_wconf 90' lang='lat' dir='ltr'><strong>imii-</strong></span> 
     </span>
     <span class='ocr_line' id='line_1_29' title="bbox 235 2859 1033 2946; baseline -0.026 -15"><span class='ocrx_word' id='word_1_307' title='bbox 235 2889 286 2946; x_wconf 78' lang='lat' dir='ltr'><strong>qne</strong></span> <span class='ocrx_word' id='word_1_308' title='bbox 296 2917 303 2941; x_wconf 97' lang='lat'><strong>,</strong></span> <span class='ocrx_word' id='word_1_309' title='bbox 314 2872 442 2944; x_wconf 83' lang='lat' dir='ltr'><strong>judicium</strong></span> <span class='ocrx_word' id='word_1_310' title='bbox 461 2869 510 2925; x_wconf 91' lang='lat' dir='ltr'><strong>sibi</strong></span> <span class='ocrx_word' id='word_1_311' title='bbox 527 2865 668 2923; x_wconf 88' lang='lat' dir='ltr'><strong>nvandueat</strong></span> <span class='ocrx_word' id='word_1_312' title='bbox 686 2871 713 2919; x_wconf 91' lang='lat' dir='ltr'><strong>et</strong></span> <span class='ocrx_word' id='word_1_313' title='bbox 727 2862 792 2918; x_wconf 91' lang='lat' dir='ltr'><strong>bibit</strong></span> <span class='ocrx_word' id='word_1_314' title='bbox 807 2860 829 2934; x_wconf 90' lang='lat' dir='ltr'><strong>(l</strong></span> <span class='ocrx_word' id='word_1_315' title='bbox 842 2859 901 2916; x_wconf 89' lang='lat' dir='ltr'><strong>Cor.</strong></span> <span class='ocrx_word' id='word_1_316' title='bbox 915 2876 952 2927; x_wconf 85' lang='lat' dir='ltr'><strong>tu,</strong></span> <span class='ocrx_word' id='word_1_317' title='bbox 962 2859 1033 2929; x_wconf 78' lang='lat' dir='ltr'><strong>at),</strong></span> 
     </span>
     <span class='ocr_line' id='line_1_30' title="bbox 235 2950 1023 3037; baseline -0.023 -16"><span class='ocrx_word' id='word_1_318' title='bbox 235 2967 280 3037; x_wconf 91' lang='lat' dir='ltr'><strong>qni</strong></span> <span class='ocrx_word' id='word_1_319' title='bbox 297 2973 385 3018; x_wconf 89' lang='lat' dir='ltr'><strong>antem</strong></span> <span class='ocrx_word' id='word_1_320' title='bbox 407 2959 566 3015; x_wconf 82' lang='lat' dir='ltr'><strong>inanducarc</strong></span> <span class='ocrx_word' id='word_1_321' title='bbox 579 2954 741 3020; x_wconf 88' lang='lat' dir='ltr'><strong>contemnit,</strong></span> <span class='ocrx_word' id='word_1_322' title='bbox 764 2966 817 3008; x_wconf 86' lang='lat' dir='ltr'><strong>non</strong></span> <span class='ocrx_word' id='word_1_323' title='bbox 831 2950 939 3006; x_wconf 91' lang='lat' dir='ltr'><strong>habebit</strong></span> <span class='ocrx_word' id='word_1_324' title='bbox 955 2952 1023 3004; x_wconf 92' lang='lat' dir='ltr'><strong>inse</strong></span> 
     </span>
     <span class='ocr_line' id='line_1_31' title="bbox 236 3036 1022 3124; baseline -0.022 -15"><span class='ocrx_word' id='word_1_325' title='bbox 236 3055 316 3108; x_wconf 88' lang='lat' dir='ltr'><strong>vitam</strong></span> <span class='ocrx_word' id='word_1_326' title='bbox 331 3049 419 3124; x_wconf 82' lang='lat' dir='ltr'><strong>(lona.</strong></span> <span class='ocrx_word' id='word_1_327' title='bbox 432 3064 469 3110; x_wconf 87' lang='lat' dir='ltr'><strong>vr,</strong></span> <span class='ocrx_word' id='word_1_328' title='bbox 483 3036 539 3117; x_wconf 81' lang='lat' dir='ltr'><strong>ul),</strong></span> <span class='ocrx_word' id='word_1_329' title='bbox 553 3053 579 3100; x_wconf 91' lang='lat' dir='ltr'><strong>et</strong></span> <span class='ocrx_word' id='word_1_330' title='bbox 592 3042 652 3100; x_wconf 88' lang='lat' dir='ltr'><strong>idco</strong></span> <span class='ocrx_word' id='word_1_331' title='bbox 670 3056 723 3098; x_wconf 91' lang='lat' dir='ltr'><strong>non</strong></span> <span class='ocrx_word' id='word_1_332' title='bbox 744 3041 880 3111; x_wconf 83' lang='lat' dir='ltr'><strong>perveniet</strong></span> <span class='ocrx_word' id='word_1_333' title='bbox 897 3039 1022 3094; x_wconf 88' lang='lat' dir='ltr'><strong>advitam</strong></span> 
     </span>
     <span class='ocr_line' id='line_1_32' title="bbox 236 3130 1023 3208; baseline -0.025 -6"><span class='ocrx_word' id='word_1_334' title='bbox 236 3155 372 3202; x_wconf 79' lang='lat' dir='ltr'><strong>uternam.</strong></span> <span class='ocrx_word' id='word_1_335' title='bbox 390 3138 557 3208; x_wconf 83' lang='lat' dir='ltr'><strong>Eosdemque</strong></span> <span class='ocrx_word' id='word_1_336' title='bbox 569 3148 685 3207; x_wconf 86' lang='lat' dir='ltr'><strong>paucos,</strong></span> <span class='ocrx_word' id='word_1_337' title='bbox 700 3133 727 3188; x_wconf 90' lang='lat' dir='ltr'><strong>in</strong></span> <span class='ocrx_word' id='word_1_338' title='bbox 741 3131 939 3201; x_wconf 87' lang='lat' dir='ltr'><strong>comparatione</strong></span> <span class='ocrx_word' id='word_1_339' title='bbox 956 3130 1023 3185; x_wconf 92' lang='lat' dir='ltr'><strong>mni·</strong></span> 
     </span>
    </p>
   </div>
   <div class='ocr_carea' id='block_1_5' title="bbox 154 3222 1025 3296">
    <p class='ocr_par' dir='ltr' id='par_1_6' title="bbox 154 3222 1025 3296">
     <span class='ocr_line' id='line_1_33' title="bbox 154 3222 1025 3296; baseline -0.021 -4"><span class='ocrx_word' id='word_1_340' title='bbox 154 3250 155 3256; x_wconf 52' lang='lat'>¹</span> <span class='ocrx_word' id='word_1_341' title='bbox 238 3232 357 3290; x_wconf 87' lang='lat' dir='ltr'><strong>titudinis</strong></span> <span class='ocrx_word' id='word_1_342' title='bbox 379 3230 530 3293; x_wconf 89' lang='lat' dir='ltr'><strong>malorum,</strong></span> <span class='ocrx_word' id='word_1_343' title='bbox 551 3238 650 3296; x_wconf 90' lang='lat' dir='ltr'><strong>paucos</strong></span> <span class='ocrx_word' id='word_1_344' title='bbox 663 3222 732 3288; x_wconf 71' lang='lat' dir='ltr'><strong>dicia</strong></span> <span class='ocrx_word' id='word_1_345' title='bbox 753 3235 813 3277; x_wconf 90' lang='lat' dir='ltr'><strong>esse</strong></span> <span class='ocrx_word' id='word_1_346' title='bbox 825 3229 914 3276; x_wconf 87' lang='lat' dir='ltr'><strong>antem</strong></span> <span class='ocrx_word' id='word_1_347' title='bbox 935 3233 982 3290; x_wconf 90' lang='lat' dir='ltr'><strong>per</strong></span> <span class='ocrx_word' id='word_1_348' title='bbox 995 3233 1025 3275; x_wconf 90' lang='lat' dir='ltr'><strong>se</strong></span> 
     </span>
    </p>
   </div>
   <div class='ocr_carea' id='block_1_6' title="bbox 168 3312 1037 5371">
    <p class='ocr_par' dir='ltr' id='par_1_7' title="bbox 168 3312 1037 5371">
     <span class='ocr_line' id='line_1_34' title="bbox 237 3312 1025 3396; baseline -0.018 -15"><span class='ocrx_word' id='word_1_349' title='bbox 237 3326 309 3396; x_wconf 90' lang='lat' dir='ltr'><strong>ipsos</strong></span> <span class='ocrx_word' id='word_1_350' title='bbox 320 3320 502 3378; x_wconf 88' lang='lat' dir='ltr'><strong>consideratos</strong></span> <span class='ocrx_word' id='word_1_351' title='bbox 522 3317 550 3372; x_wconf 91' lang='lat' dir='ltr'><strong>in</strong></span> <span class='ocrx_word' id='word_1_352' title='bbox 570 3330 667 3388; x_wconf 77' lang='lat' dir='ltr'><strong>magno</strong></span> <span class='ocrx_word' id='word_1_353' title='bbox 685 3328 815 3381; x_wconf 90' lang='lat' dir='ltr'><strong>numero,</strong></span> <span class='ocrx_word' id='word_1_354' title='bbox 835 3312 946 3368; x_wconf 75' lang='lat' dir='ltr'><strong>diffusos</strong></span> <span class='ocrx_word' id='word_1_355' title='bbox 969 3319 1025 3367; x_wconf 86' lang='lat' dir='ltr'><strong>toto</strong></span> 
     </span>
     <span class='ocr_line' id='line_1_35' title="bbox 237 3404 1025 3474; baseline -0.018 -5"><span class='ocrx_word' id='word_1_356' title='bbox 237 3413 303 3470; x_wconf 91' lang='lat' dir='ltr'><strong>orbe</strong></span> <span class='ocrx_word' id='word_1_357' title='bbox 330 3415 647 3474; x_wconf 33' lang='lat' dir='ltr'><strong>terrarum,*crescentes</strong></span> <span class='ocrx_word' id='word_1_358' title='bbox 674 3405 744 3460; x_wconf 83' lang='lat' dir='ltr'><strong>inter</strong></span> <span class='ocrx_word' id='word_1_359' title='bbox 772 3404 888 3469; x_wconf 82' lang='lat' dir='ltr'><strong>sicania,</strong></span> <span class='ocrx_word' id='word_1_360' title='bbox 916 3411 1025 3457; x_wconf 90' lang='lat' dir='ltr'><strong>etcum</strong></span> 
     </span>
     <span class='ocr_line' id='line_1_36' title="bbox 238 3490 1023 3575; baseline -0.019 -16"><span class='ocrx_word' id='word_1_361' title='bbox 238 3504 313 3575; x_wconf 88' lang='lat' dir='ltr'><strong>palea</strong></span> <span class='ocrx_word' id='word_1_362' title='bbox 327 3515 409 3572; x_wconf 90' lang='lat' dir='ltr'><strong>usque</strong></span> <span class='ocrx_word' id='word_1_363' title='bbox 427 3498 462 3556; x_wconf 88' lang='lat' dir='ltr'><strong>ad</strong></span> <span class='ocrx_word' id='word_1_364' title='bbox 483 3498 554 3555; x_wconf 88' lang='lat' dir='ltr'><strong>diem</strong></span> <span class='ocrx_word' id='word_1_365' title='bbox 568 3495 664 3553; x_wconf 76' lang='lat' dir='ltr'><strong>moesis</strong></span> <span class='ocrx_word' id='word_1_366' title='bbox 677 3504 705 3551; x_wconf 90' lang='lat' dir='ltr'><strong>et</strong></span> <span class='ocrx_word' id='word_1_367' title='bbox 718 3492 898 3551; x_wconf 82' lang='lat' dir='ltr'><strong>ventilationis</strong></span> <span class='ocrx_word' id='word_1_368' title='bbox 919 3490 1023 3564; x_wconf 74' lang='lat' dir='ltr'><strong>(Carth.</strong></span> 
     </span>
     <span class='ocr_line' id='line_1_37' title="bbox 240 3582 1026 3658; baseline -0.015 -10"><span class='ocrx_word' id='word_1_369' title='bbox 240 3606 304 3658; x_wconf 82' lang='lat' dir='ltr'><strong>xiil,</strong></span> <span class='ocrx_word' id='word_1_370' title='bbox 317 3590 370 3656; x_wconf 75' lang='lat'><strong>25,</strong></span> <span class='ocrx_word' id='word_1_371' title='bbox 387 3587 433 3653; x_wconf 64' lang='grc' dir='ltr'>ιθ,</span> <span class='ocrx_word' id='word_1_372' title='bbox 454 3598 477 3642; x_wconf 91' lang='lat' dir='ltr'><strong>et</strong></span> <span class='ocrx_word' id='word_1_373' title='bbox 494 3602 539 3651; x_wconf 91' lang='lat' dir='ltr'><strong>tn,</strong></span> <span class='ocrx_word' id='word_1_374' title='bbox 564 3584 622 3657; x_wconf 74' lang='lat' dir='ltr'><strong>ta).</strong></span> <span class='ocrx_word' id='word_1_375' title='bbox 644 3584 701 3641; x_wconf 87' lang='lat' dir='ltr'><strong>iloo</strong></span> <span class='ocrx_word' id='word_1_376' title='bbox 721 3584 749 3639; x_wconf 88' lang='lat' dir='ltr'><strong>in</strong></span> <span class='ocrx_word' id='word_1_377' title='bbox 768 3582 913 3654; x_wconf 77' lang='lat' dir='ltr'><strong>Evangelio</strong></span> <span class='ocrx_word' id='word_1_378' title='bbox 927 3582 1026 3638; x_wconf 89' lang='lat' dir='ltr'><strong>dictum</strong></span> 
     </span>
     <span class='ocr_line' id='line_1_38' title="bbox 239 3672 1026 3752; baseline -0.019 -11"><span class='ocrx_word' id='word_1_379' title='bbox 239 3690 297 3752; x_wconf 88' lang='lat' dir='ltr'><strong>est,</strong></span> <span class='ocrx_word' id='word_1_380' title='bbox 317 3682 400 3738; x_wconf 91' lang='lat' dir='ltr'><strong>hoca</strong></span> <span class='ocrx_word' id='word_1_381' title='bbox 420 3678 560 3750; x_wconf 88' lang='lat' dir='ltr'><strong>Prophetis</strong></span> <span class='ocrx_word' id='word_1_382' title='bbox 584 3684 647 3732; x_wconf 91' lang='lat' dir='ltr'><strong>ante</strong></span> <span class='ocrx_word' id='word_1_383' title='bbox 673 3674 839 3746; x_wconf 88' lang='lat' dir='ltr'><strong>praedictum.</strong></span> <span class='ocrx_word' id='word_1_384' title='bbox 865 3677 934 3730; x_wconf 85' lang='lat' dir='ltr'><strong>dntc</strong></span> <span class='ocrx_word' id='word_1_385' title='bbox 953 3672 1026 3730; x_wconf 91' lang='lat' dir='ltr'><strong>enlm</strong></span> 
     </span>
     <span class='ocr_line' id='line_1_39' title="bbox 239 3764 1029 3847; baseline -0.016 -16"><span class='ocrx_word' id='word_1_386' title='bbox 239 3774 394 3847; x_wconf 78' lang='lat' dir='ltr'><strong>praedictum</strong></span> <span class='ocrx_word' id='word_1_387' title='bbox 416 3779 472 3835; x_wconf 84' lang='lat' dir='ltr'><strong>esi,</strong></span> <span class='ocrx_word' id='word_1_388' title='bbox 496 3768 568 3824; x_wconf 84' lang='lat' dir='ltr'><strong>Sicut</strong></span> <span class='ocrx_word' id='word_1_389' title='bbox 590 3766 671 3821; x_wconf 85' lang='lat' dir='ltr'><strong>lilium</strong></span> <span class='ocrx_word' id='word_1_390' title='bbox 689 3765 717 3819; x_wconf 87' lang='lat' dir='ltr'><strong>in</strong></span> <span class='ocrx_word' id='word_1_391' title='bbox 735 3764 817 3819; x_wconf 82' lang='lat' dir='ltr'><strong>medio</strong></span> <span class='ocrx_word' id='word_1_392' title='bbox 829 3765 974 3836; x_wconf 83' lang='lat' dir='ltr'><strong>spinarum,</strong></span> <span class='ocrx_word' id='word_1_393' title='bbox 992 3764 1029 3818; x_wconf 87' lang='lat' dir='ltr'><strong>itu</strong></span> 
     </span>
     <span class='ocr_line' id='line_1_40' title="bbox 241 3852 1029 3938; baseline -0.018 -16"><span class='ocrx_word' id='word_1_394' title='bbox 241 3865 355 3938; x_wconf 76' lang='lat' dir='ltr'><strong>proeium</strong></span> <span class='ocrx_word' id='word_1_395' title='bbox 372 3877 429 3917; x_wconf 85' lang='lat' dir='ltr'><strong>meo</strong></span> <span class='ocrx_word' id='word_1_396' title='bbox 446 3860 474 3914; x_wconf 86' lang='lat' dir='ltr'><strong>in</strong></span> <span class='ocrx_word' id='word_1_397' title='bbox 491 3856 573 3912; x_wconf 75' lang='lat' dir='ltr'><strong>inedie</strong></span> <span class='ocrx_word' id='word_1_398' title='bbox 594 3856 707 3926; x_wconf 69' lang='lat' dir='ltr'><strong>iiiiarnnv</strong></span> <span class='ocrx_word' id='word_1_399' title='bbox 725 3853 817 3926; x_wconf 83' lang='lat' dir='ltr'><strong>(Ceut.</strong></span> <span class='ocrx_word' id='word_1_400' title='bbox 839 3869 872 3919; x_wconf 92' lang='grc' dir='ltr'><strong>ιι,</strong></span> <span class='ocrx_word' id='word_1_401' title='bbox 892 3852 937 3924; x_wconf 75' lang='lat'><strong>2).</strong></span> <span class='ocrx_word' id='word_1_402' title='bbox 959 3852 1029 3909; x_wconf 82' lang='lat' dir='ltr'><strong>dtttc</strong></span> 
     </span>
     <span class='ocr_line' id='line_1_41' title="bbox 241 3944 1030 4027; baseline -0.016 -16"><span class='ocrx_word' id='word_1_403' title='bbox 241 3955 397 4027; x_wconf 81' lang='lat' dir='ltr'><strong>predictum</strong></span> <span class='ocrx_word' id='word_1_404' title='bbox 412 3960 463 4016; x_wconf 89' lang='lat' dir='ltr'><strong>est,</strong></span> <span class='ocrx_word' id='word_1_405' title='bbox 477 3946 622 4003; x_wconf 86' lang='lat' dir='ltr'><strong>luitubituoi</strong></span> <span class='ocrx_word' id='word_1_406' title='bbox 636 3947 663 4001; x_wconf 84' lang='lat' dir='ltr'><strong>in</strong></span> <span class='ocrx_word' id='word_1_407' title='bbox 684 3944 850 4000; x_wconf 78' lang='lat' dir='ltr'><strong>tabernuculis</strong></span> <span class='ocrx_word' id='word_1_408' title='bbox 864 3944 961 4008; x_wconf 85' lang='lat' dir='ltr'><strong>Ceder,·</strong></span> <span class='ocrx_word' id='word_1_409' title='bbox 973 3959 1030 3999; x_wconf 81' lang='lat' dir='ltr'><strong>crim</strong></span> 
     </span>
     <span class='ocr_line' id='line_1_42' title="bbox 242 4028 1029 4116; baseline -0.013 -15"><span class='ocrx_word' id='word_1_410' title='bbox 242 4045 282 4101; x_wconf 83' lang='lat' dir='ltr'><strong>his</strong></span> <span class='ocrx_word' id='word_1_411' title='bbox 301 4044 345 4116; x_wconf 87' lang='lat' dir='ltr'><strong>qui</strong></span> <span class='ocrx_word' id='word_1_412' title='bbox 358 4041 461 4098; x_wconf 86' lang='lat' dir='ltr'><strong>oderunt</strong></span> <span class='ocrx_word' id='word_1_413' title='bbox 476 4028 579 4110; x_wconf 76' lang='lat' dir='ltr'><strong>peceat,</strong></span> <span class='ocrx_word' id='word_1_414' title='bbox 594 4053 664 4093; x_wconf 82' lang='lat' dir='ltr'><strong>erunt</strong></span> <span class='ocrx_word' id='word_1_415' title='bbox 675 4035 796 4108; x_wconf 67' lang='lat' dir='ltr'><strong>pacificus</strong></span> <span class='ocrx_word' id='word_1_416' title='bbox 811 4033 895 4104; x_wconf 83' lang='lat' dir='ltr'><strong>(Psoi.</strong></span> <span class='ocrx_word' id='word_1_417' title='bbox 911 4049 987 4102; x_wconf 80' lang='lat' dir='ltr'><strong>ests,</strong></span> <span class='ocrx_word' id='word_1_418' title='bbox 1001 4035 1029 4101; x_wconf 82' lang='lat'><strong>5,</strong></span> 
     </span>
     <span class='ocr_line' id='line_1_43' title="bbox 242 4125 1031 4208; baseline -0.013 -17"><span class='ocrx_word' id='word_1_419' title='bbox 242 4136 282 4208; x_wconf 81' lang='lat' dir='ltr'><strong>i).</strong></span> <span class='ocrx_word' id='word_1_420' title='bbox 296 4137 364 4190; x_wconf 85' lang='lat' dir='ltr'><strong>hnic</strong></span> <span class='ocrx_word' id='word_1_421' title='bbox 377 4130 530 4204; x_wconf 79' lang='lat' dir='ltr'><strong>predictum</strong></span> <span class='ocrx_word' id='word_1_422' title='bbox 547 4137 602 4197; x_wconf 90' lang='lat' dir='ltr'><strong>est,</strong></span> <span class='ocrx_word' id='word_1_423' title='bbox 623 4127 704 4200; x_wconf 78' lang='lat' dir='ltr'><strong>Siqua</strong></span> <span class='ocrx_word' id='word_1_424' title='bbox 716 4126 742 4180; x_wconf 86' lang='grc' dir='ltr'><strong>ιἰι</strong></span> <span class='ocrx_word' id='word_1_425' title='bbox 755 4125 837 4197; x_wconf 70' lang='lat' dir='ltr'><strong>[route</strong></span> <span class='ocrx_word' id='word_1_426' title='bbox 848 4127 912 4181; x_wconf 67' lang='grc' dir='ltr'><strong>σοιι</strong></span> <span class='ocrx_word' id='word_1_427' title='bbox 931 4126 974 4197; x_wconf 86' lang='lat' dir='ltr'><strong>qni</strong></span> <span class='ocrx_word' id='word_1_428' title='bbox 987 4142 1031 4197; x_wconf 83' lang='lat' dir='ltr'><strong>qe·</strong></span> 
     </span>
     <span class='ocr_line' id='line_1_44' title="bbox 242 4216 1031 4293; baseline -0.011 -13"><span class='ocrx_word' id='word_1_429' title='bbox 242 4233 314 4280; x_wconf 87' lang='lat' dir='ltr'><strong>urunt</strong></span> <span class='ocrx_word' id='word_1_430' title='bbox 326 4233 350 4278; x_wconf 84' lang='lat' dir='ltr'><strong>et</strong></span> <span class='ocrx_word' id='word_1_431' title='bbox 360 4229 462 4278; x_wconf 86' lang='lat' dir='ltr'><strong>moereut</strong></span> <span class='ocrx_word' id='word_1_432' title='bbox 475 4219 506 4275; x_wconf 84' lang='lat' dir='ltr'><strong>oh</strong></span> <span class='ocrx_word' id='word_1_433' title='bbox 519 4218 663 4293; x_wconf 84' lang='lat' dir='ltr'><strong>iniquitates</strong></span> <span class='ocrx_word' id='word_1_434' title='bbox 674 4216 763 4288; x_wconf 83' lang='lat' dir='ltr'><strong>popuii</strong></span> <span class='ocrx_word' id='word_1_435' title='bbox 776 4216 839 4284; x_wconf 85' lang='lat' dir='ltr'><strong>mei,</strong></span> <span class='ocrx_word' id='word_1_436' title='bbox 859 4231 915 4287; x_wconf 79' lang='lat' dir='ltr'><strong>quc</strong></span> <span class='ocrx_word' id='word_1_437' title='bbox 928 4217 992 4286; x_wconf 75' lang='lat' dir='ltr'><strong>fiunt</strong></span> <span class='ocrx_word' id='word_1_438' title='bbox 1003 4217 1031 4271; x_wconf 86' lang='grc' dir='ltr'><strong>ιἰι</strong></span> 
     </span>
     <span class='ocr_line' id='line_1_45' title="bbox 243 4307 1031 4384; baseline -0.011 -14"><span class='ocrx_word' id='word_1_439' title='bbox 243 4315 324 4370; x_wconf 85' lang='lat' dir='ltr'><strong>medie</strong></span> <span class='ocrx_word' id='word_1_440' title='bbox 337 4328 422 4368; x_wconf 85' lang='lat' dir='ltr'><strong>eorum</strong></span> <span class='ocrx_word' id='word_1_441' title='bbox 433 4309 537 4384; x_wconf 75' lang='lat' dir='ltr'><strong>(Caeci.</strong></span> <span class='ocrx_word' id='word_1_442' title='bbox 551 4325 589 4376; x_wconf 84' lang='lat' dir='ltr'><strong>rx,</strong></span> <span class='ocrx_word' id='word_1_443' title='bbox 605 4307 643 4379; x_wconf 85' lang='grc' dir='ltr'><strong>ι).</strong></span> <span class='ocrx_word' id='word_1_444' title='bbox 658 4307 749 4379; x_wconf 87' lang='lat' dir='ltr'><strong>itaque</strong></span> <span class='ocrx_word' id='word_1_445' title='bbox 762 4307 812 4362; x_wconf 91' lang='lat' dir='ltr'><strong>istc</strong></span> <span class='ocrx_word' id='word_1_446' title='bbox 821 4307 936 4378; x_wconf 77' lang='lat' dir='ltr'><strong>gentilis,</strong></span> <span class='ocrx_word' id='word_1_447' title='bbox 952 4321 1031 4378; x_wconf 91' lang='lat' dir='ltr'><strong>quem</strong></span> 
     </span>
     <span class='ocr_line' id='line_1_46' title="bbox 245 4396 1030 4472; baseline -0.008 -15"><span class='ocrx_word' id='word_1_448' title='bbox 245 4403 290 4457; x_wconf 87' lang='lat' dir='ltr'><strong>tali</strong></span> <span class='ocrx_word' id='word_1_449' title='bbox 306 4402 422 4472; x_wconf 89' lang='lat' dir='ltr'><strong>alloquio</strong></span> <span class='ocrx_word' id='word_1_450' title='bbox 435 4401 615 4467; x_wconf 83' lang='lat' dir='ltr'><strong>inrorarcmus,</strong></span> <span class='ocrx_word' id='word_1_451' title='bbox 629 4397 684 4469; x_wconf 87' lang='lat' dir='ltr'><strong>jam</strong></span> <span class='ocrx_word' id='word_1_452' title='bbox 700 4396 785 4452; x_wconf 89' lang='lat' dir='ltr'><strong>iactus</strong></span> <span class='ocrx_word' id='word_1_453' title='bbox 802 4396 867 4452; x_wconf 90' lang='lat' dir='ltr'><strong>civis</strong></span> <span class='ocrx_word' id='word_1_454' title='bbox 880 4406 1030 4452; x_wconf 88' lang='lat' dir='ltr'><strong>sanctorum</strong></span> 
     </span>
     <span class='ocr_line' id='line_1_47' title="bbox 244 4486 1031 4558; baseline -0.005 -12"><span class='ocrx_word' id='word_1_455' title='bbox 244 4501 272 4546; x_wconf 89' lang='lat' dir='ltr'><strong>et</strong></span> <span class='ocrx_word' id='word_1_456' title='bbox 282 4490 443 4545; x_wconf 87' lang='lat' dir='ltr'><strong>domesticus</strong></span> <span class='ocrx_word' id='word_1_457' title='bbox 458 4489 517 4555; x_wconf 87' lang='lat' dir='ltr'><strong>Dei,</strong></span> <span class='ocrx_word' id='word_1_458' title='bbox 534 4503 585 4544; x_wconf 88' lang='lat' dir='ltr'><strong>nee</strong></span> <span class='ocrx_word' id='word_1_459' title='bbox 596 4488 650 4558; x_wconf 79' lang='lat' dir='ltr'><strong>iant</strong></span> <span class='ocrx_word' id='word_1_460' title='bbox 663 4488 766 4543; x_wconf 86' lang='lat' dir='ltr'><strong>alienus</strong></span> <span class='ocrx_word' id='word_1_461' title='bbox 780 4486 814 4543; x_wconf 93' lang='lat' dir='ltr'><strong>ah</strong></span> <span class='ocrx_word' id='word_1_462' title='bbox 827 4486 907 4542; x_wconf 90' lang='lat' dir='ltr'><strong>lsraei</strong></span> <span class='ocrx_word' id='word_1_463' title='bbox 924 4486 1031 4558; x_wconf 78' lang='lat' dir='ltr'><strong>(Cpites.</strong></span> 
     </span>
     <span class='ocr_line' id='line_1_48' title="bbox 245 4577 1033 4650; baseline -0.003 -14"><span class='ocrx_word' id='word_1_464' title='bbox 245 4597 274 4645; x_wconf 93' lang='lat' dir='ltr'><strong>n,</strong></span> <span class='ocrx_word' id='word_1_465' title='bbox 289 4579 332 4642; x_wconf 85' lang='lat' dir='ltr'><strong>tu,</strong></span> <span class='ocrx_word' id='word_1_466' title='bbox 347 4577 403 4650; x_wconf 77' lang='lat' dir='ltr'><strong>te),</strong></span> <span class='ocrx_word' id='word_1_467' title='bbox 418 4577 465 4634; x_wconf 91' lang='lat' dir='ltr'><strong>scd</strong></span> <span class='ocrx_word' id='word_1_468' title='bbox 479 4593 559 4634; x_wconf 76' lang='lat' dir='ltr'><strong>uerus</strong></span> <span class='ocrx_word' id='word_1_469' title='bbox 575 4577 709 4647; x_wconf 88' lang='lat' dir='ltr'><strong>israelita,</strong></span> <span class='ocrx_word' id='word_1_470' title='bbox 725 4579 751 4633; x_wconf 92' lang='lat' dir='ltr'><strong>in</strong></span> <span class='ocrx_word' id='word_1_471' title='bbox 763 4592 817 4649; x_wconf 92' lang='lat' dir='ltr'><strong>qno</strong></span> <span class='ocrx_word' id='word_1_472' title='bbox 833 4577 910 4634; x_wconf 89' lang='lat' dir='ltr'><strong>dolus</strong></span> <span class='ocrx_word' id='word_1_473' title='bbox 924 4592 978 4634; x_wconf 91' lang='lat' dir='ltr'><strong>non</strong></span> <span class='ocrx_word' id='word_1_474' title='bbox 990 4593 1033 4634; x_wconf 89' lang='lat' dir='ltr'><strong>es·</strong></span> 
     </span>
     <span class='ocr_line' id='line_1_49' title="bbox 246 4666 1034 4741; baseline 0 -16"><span class='ocrx_word' id='word_1_475' title='bbox 246 4677 288 4725; x_wconf 90' lang='lat' dir='ltr'><strong>set</strong></span> <span class='ocrx_word' id='word_1_476' title='bbox 302 4668 390 4741; x_wconf 86' lang='lat' dir='ltr'><strong>(leun.</strong></span> <span class='ocrx_word' id='word_1_477' title='bbox 408 4683 428 4727; x_wconf 85' lang='grc' dir='ltr'><strong>ι.</strong></span> <span class='ocrx_word' id='word_1_478' title='bbox 442 4667 504 4736; x_wconf 86' lang='lat' dir='ltr'><strong>ll),</strong></span> <span class='ocrx_word' id='word_1_479' title='bbox 519 4666 637 4723; x_wconf 86' lang='lat' dir='ltr'><strong>disceret</strong></span> <span class='ocrx_word' id='word_1_480' title='bbox 649 4668 728 4723; x_wconf 86' lang='lat' dir='ltr'><strong>etiam</strong></span> <span class='ocrx_word' id='word_1_481' title='bbox 751 4667 800 4722; x_wconf 78' lang='lat' dir='ltr'><strong>lua</strong></span> <span class='ocrx_word' id='word_1_482' title='bbox 814 4670 894 4725; x_wconf 86' lang='lat' dir='ltr'><strong>verba</strong></span> <span class='ocrx_word' id='word_1_483' title='bbox 907 4683 940 4724; x_wconf 87' lang='lat' dir='ltr'><strong>ex</strong></span> <span class='ocrx_word' id='word_1_484' title='bbox 952 4667 1034 4726; x_wconf 89' lang='lat' dir='ltr'><strong>eorde</strong></span> 
     </span>
     <span class='ocr_line' id='line_1_50' title="bbox 168 4748 1034 4831; baseline 0.001 -17"><span class='ocrx_word' id='word_1_485' title='bbox 168 4788 172 4793; x_wconf 90' lang='lat'>-</span> <span class='ocrx_word' id='word_1_486' title='bbox 245 4757 358 4828; x_wconf 86' lang='lat' dir='ltr'><strong>simplici</strong></span> <span class='ocrx_word' id='word_1_487' title='bbox 372 4756 476 4824; x_wconf 87' lang='lat' dir='ltr'><strong>dicere,</strong></span> <span class='ocrx_word' id='word_1_488' title='bbox 491 4770 551 4827; x_wconf 77' lang='lat' dir='ltr'><strong>qne</strong></span> <span class='ocrx_word' id='word_1_489' title='bbox 562 4754 754 4826; x_wconf 86' lang='lat' dir='ltr'><strong>subsequenter</strong></span> <span class='ocrx_word' id='word_1_490' title='bbox 764 4748 881 4815; x_wconf 80' lang='lat' dir='ltr'><strong>conitexit</strong></span> <span class='ocrx_word' id='word_1_491' title='bbox 893 4757 963 4815; x_wconf 90' lang='lat' dir='ltr'><strong>idem</strong></span> <span class='ocrx_word' id='word_1_492' title='bbox 978 4759 1034 4831; x_wconf 91' lang='lat' dir='ltr'><strong>ipse</strong></span> 
     </span>
     <span class='ocr_line' id='line_1_51' title="bbox 246 4845 1035 4917; baseline 0 -11"><span class='ocrx_word' id='word_1_493' title='bbox 246 4850 395 4908; x_wconf 75' lang='lat' dir='ltr'><strong>ieremias:</strong></span> <span class='ocrx_word' id='word_1_494' title='bbox 409 4847 536 4904; x_wconf 83' lang='lat' dir='ltr'><strong>Patientia</strong></span> <span class='ocrx_word' id='word_1_495' title='bbox 557 4845 652 4914; x_wconf 84' lang='lat' dir='ltr'><strong>lsrael,</strong></span> <span class='ocrx_word' id='word_1_496' title='bbox 677 4845 800 4915; x_wconf 63' lang='lat' dir='ltr'><strong>Domine·</strong></span> <span class='ocrx_word' id='word_1_497' title='bbox 820 4851 930 4906; x_wconf 85' lang='lat' dir='ltr'><strong>universi</strong></span> <span class='ocrx_word' id='word_1_498' title='bbox 948 4853 990 4917; x_wconf 88' lang='lat' dir='ltr'><strong>qui</strong></span> <span class='ocrx_word' id='word_1_499' title='bbox 1010 4859 1035 4906; x_wconf 84' lang='lat' dir='ltr'><strong>te</strong></span> 
     </span>
     <span class='ocr_line' id='line_1_52' title="bbox 247 4936 1036 5011; baseline 0.005 -16"><span class='ocrx_word' id='word_1_500' title='bbox 247 4941 438 5010; x_wconf 84' lang='lat' dir='ltr'><strong>derelinquunt,</strong></span> <span class='ocrx_word' id='word_1_501' title='bbox 458 4947 607 4994; x_wconf 78' lang='lat' dir='ltr'><strong>terreantur.</strong></span> <span class='ocrx_word' id='word_1_502' title='bbox 623 4936 689 4993; x_wconf 90' lang='lat' dir='ltr'><strong>Cum</strong></span> <span class='ocrx_word' id='word_1_503' title='bbox 701 4938 773 4993; x_wconf 90' lang='lat' dir='ltr'><strong>enim</strong></span> <span class='ocrx_word' id='word_1_504' title='bbox 787 4940 821 4994; x_wconf 90' lang='lat' dir='ltr'><strong>de</strong></span> <span class='ocrx_word' id='word_1_505' title='bbox 836 4941 941 5011; x_wconf 84' lang='lat' dir='ltr'><strong>perdice</strong></span> <span class='ocrx_word' id='word_1_506' title='bbox 953 4942 1036 4999; x_wconf 83' lang='lat' dir='ltr'><strong>dixis-</strong></span> 
     </span>
     <span class='ocr_line' id='line_1_53' title="bbox 247 5028 1036 5101; baseline 0.003 -16"><span class='ocrx_word' id='word_1_507' title='bbox 247 5037 298 5093; x_wconf 88' lang='lat' dir='ltr'><strong>set,</strong></span> <span class='ocrx_word' id='word_1_508' title='bbox 311 5029 377 5100; x_wconf 91' lang='lat' dir='ltr'><strong>qni¹</strong></span> <span class='ocrx_word' id='word_1_509' title='bbox 391 5028 488 5082; x_wconf 89' lang='lat' dir='ltr'><strong>clamat</strong></span> <span class='ocrx_word' id='word_1_510' title='bbox 501 5035 528 5083; x_wconf 87' lang='lat' dir='ltr'><strong>et</strong></span> <span class='ocrx_word' id='word_1_511' title='bbox 541 5036 754 5100; x_wconf 77' lang='lat' dir='ltr'><strong>congregatque</strong></span> <span class='ocrx_word' id='word_1_512' title='bbox 766 5044 820 5084; x_wconf 87' lang='grc' dir='ltr'>ιιοιι</span> <span class='ocrx_word' id='word_1_513' title='bbox 833 5031 950 5101; x_wconf 79' lang='lat' dir='ltr'><strong>porterit,</strong></span> <span class='ocrx_word' id='word_1_514' title='bbox 962 5047 1036 5087; x_wconf 90' lang='lat' dir='ltr'><strong>com·</strong></span> 
     </span>
     <span class='ocr_line' id='line_1_54' title="bbox 247 5117 1036 5194; baseline 0.005 -19"><span class='ocrx_word' id='word_1_515' title='bbox 247 5118 384 5175; x_wconf 88' lang='lat' dir='ltr'><strong>mendavit</strong></span> <span class='ocrx_word' id='word_1_516' title='bbox 397 5117 581 5174; x_wconf 81' lang='lat' dir='ltr'><strong>excellentiam</strong></span> <span class='ocrx_word' id='word_1_517' title='bbox 593 5118 707 5174; x_wconf 65' lang='lat' dir='ltr'><strong>civitatis</strong></span> <span class='ocrx_word' id='word_1_518' title='bbox 719 5134 799 5190; x_wconf 84' lang='lat' dir='ltr'><strong>snper</strong></span> <span class='ocrx_word' id='word_1_519' title='bbox 812 5130 928 5177; x_wconf 89' lang='lat' dir='ltr'><strong>montem</strong></span> <span class='ocrx_word' id='word_1_520' title='bbox 943 5124 1036 5194; x_wconf 77' lang='lat' dir='ltr'><strong>posite</strong></span> 
     </span>
     <span class='ocr_line' id='line_1_55' title="bbox 248 5209 1037 5281; baseline 0.006 -16"><span class='ocrx_word' id='word_1_521' title='bbox 248 5224 307 5281; x_wconf 82' lang='lat' dir='ltr'><strong>qoae</strong></span> <span class='ocrx_word' id='word_1_522' title='bbox 317 5209 441 5265; x_wconf 89' lang='lat' dir='ltr'><strong>abscondi</strong></span> <span class='ocrx_word' id='word_1_523' title='bbox 453 5223 506 5264; x_wconf 89' lang='lat' dir='ltr'><strong>non</strong></span> <span class='ocrx_word' id='word_1_524' title='bbox 520 5217 617 5279; x_wconf 87' lang='lat' dir='ltr'><strong>potest,</strong></span> <span class='ocrx_word' id='word_1_525' title='bbox 630 5218 659 5264; x_wconf 91' lang='lat' dir='ltr'><strong>nt</strong></span> <span class='ocrx_word' id='word_1_526' title='bbox 670 5209 704 5264; x_wconf 89' lang='lat' dir='ltr'><strong>uh</strong></span> <span class='ocrx_word' id='word_1_527' title='bbox 716 5209 836 5266; x_wconf 85' lang='lat' dir='ltr'><strong>Ecclesia</strong></span> <span class='ocrx_word' id='word_1_528' title='bbox 847 5210 976 5268; x_wconf 87' lang='lat' dir='ltr'><strong>catholica</strong></span> <span class='ocrx_word' id='word_1_529' title='bbox 989 5214 1037 5270; x_wconf 93' lang='lat' dir='ltr'><strong>ho-</strong></span> 
     </span>
     <span class='ocr_line' id='line_1_56' title="bbox 249 5299 1037 5371; baseline 0.004 -13"><span class='ocrx_word' id='word_1_530' title='bbox 249 5302 348 5358; x_wconf 88' lang='lat' dir='ltr'><strong>minem</strong></span> <span class='ocrx_word' id='word_1_531' title='bbox 361 5299 479 5356; x_wconf 78' lang='lat' dir='ltr'><strong>haeretici</strong></span> <span class='ocrx_word' id='word_1_532' title='bbox 493 5314 545 5356; x_wconf 90' lang='lat' dir='ltr'><strong>non</strong></span> <span class='ocrx_word' id='word_1_533' title='bbox 560 5309 685 5371; x_wconf 91' lang='lat' dir='ltr'><strong>separent</strong></span> <span class='ocrx_word' id='word_1_534' title='bbox 698 5299 719 5368; x_wconf 83' lang='lat'><strong>²,</strong></span> <span class='ocrx_word' id='word_1_535' title='bbox 735 5300 845 5369; x_wconf 89' lang='lat' dir='ltr'><strong>dicens,</strong></span> <span class='ocrx_word' id='word_1_536' title='bbox 861 5301 1037 5361; x_wconf 82' lang='lat' dir='ltr'><strong>Sedevuutem</strong></span> 
     </span>
    </p>
   </div>
   <div class='ocr_carea' id='block_1_7' title="bbox 250 5447 1040 5762">
    <p class='ocr_par' dir='ltr' id='par_1_8' title="bbox 250 5447 1038 5578">
     <span class='ocr_line' id='line_1_57' title="bbox 280 5447 1038 5519; baseline 0.028 -30"><span class='ocrx_word' id='word_1_537' title='bbox 280 5456 371 5505; x_wconf 63' lang='lat' dir='ltr'><strong>tm:</strong></span> <span class='ocrx_word' id='word_1_538' title='bbox 383 5450 455 5516; x_wconf 75' lang='lat' dir='ltr'><strong>siper</strong></span> <span class='ocrx_word' id='word_1_539' title='bbox 468 5447 533 5501; x_wconf 79' lang='lat' dir='ltr'><strong>rheae</strong></span> <span class='ocrx_word' id='word_1_540' title='bbox 543 5450 569 5502; x_wconf 83' lang='lat' dir='ltr'><strong>ia</strong></span> <span class='ocrx_word' id='word_1_541' title='bbox 579 5450 657 5516; x_wconf 74' lang='lat' dir='ltr'><strong>poue</strong></span> <span class='ocrx_word' id='word_1_542' title='bbox 674 5465 723 5504; x_wconf 85' lang='lat' dir='ltr'><strong>eos.</strong></span> <span class='ocrx_word' id='word_1_543' title='bbox 736 5454 819 5519; x_wconf 85' lang='lat' dir='ltr'><strong>abest,</strong></span> <span class='ocrx_word' id='word_1_544' title='bbox 836 5452 911 5516; x_wconf 77' lang='lat' dir='ltr'><strong>rhus,</strong></span> <span class='ocrx_word' id='word_1_545' title='bbox 923 5457 954 5507; x_wconf 88' lang='lat' dir='ltr'><strong>ah</strong></span> <span class='ocrx_word' id='word_1_546' title='bbox 967 5458 1038 5514; x_wconf 83' lang='lat' dir='ltr'><strong>cdit&#39;s</strong></span> 
     </span>
     <span class='ocr_line' id='line_1_58' title="bbox 250 5515 718 5578; baseline 0 -12"><span class='ocrx_word' id='word_1_547' title='bbox 250 5515 718 5578; x_wconf 73' lang='lat' dir='ltr'><strong>diuetasssnemoaegraeeosxs.</strong></span> 
     </span>
    </p>

    <p class='ocr_par' dir='ltr' id='par_1_9' title="bbox 252 5579 1040 5762">
     <span class='ocr_line' id='line_1_59' title="bbox 282 5579 1040 5707; baseline 0.022 -23"><span class='ocrx_word' id='word_1_548' title='bbox 282 5579 430 5696; x_wconf 51' lang='grc' dir='ltr'><strong>Ξῗιῖιῖᾳέιοί</strong></span> <span class='ocrx_word' id='word_1_549' title='bbox 442 5579 561 5686; x_wconf 44' lang='lat' dir='ltr'><strong>dautem</strong></span> <span class='ocrx_word' id='word_1_550' title='bbox 580 5633 720 5687; x_wconf 75' lang='lat' dir='ltr'><strong>heresium</strong></span> <span class='ocrx_word' id='word_1_551' title='bbox 738 5650 786 5693; x_wconf 86' lang='lat' dir='ltr'><strong>noa</strong></span> <span class='ocrx_word' id='word_1_552' title='bbox 807 5643 939 5707; x_wconf 67' lang='lat' dir='ltr'><strong>ceparum</strong></span> <span class='ocrx_word' id='word_1_553' title='bbox 956 5640 1040 5700; x_wconf 78' lang='lat' dir='ltr'><strong>eiures</strong></span> 
     </span>
     <span class='ocr_line' id='line_1_60' title="bbox 252 5693 732 5762; baseline 0.008 -16"><span class='ocrx_word' id='word_1_554' title='bbox 252 5693 732 5762; x_wconf 59' lang='lat' dir='ltr'><strong>neuerueuteretiumepaeeret.</strong></span> 
     </span>
    </p>
   </div>
   <div class='ocr_carea' id='block_1_8' title="bbox 1069 1775 1857 2763">
    <p class='ocr_par' dir='ltr' id='par_1_10' title="bbox 1069 1775 1857 2763">
     <span class='ocr_line' id='line_1_61' title="bbox 1069 1775 1851 1855; baseline 0.022 -27"><span class='ocrx_word' id='word_1_555' title='bbox 1069 1775 1172 1845; x_wconf 84' lang='lat' dir='ltr'><strong>perdix,</strong></span> <span class='ocrx_word' id='word_1_556' title='bbox 1186 1777 1238 1832; x_wconf 89' lang='lat' dir='ltr'><strong>nisi</strong></span> <span class='ocrx_word' id='word_1_557' title='bbox 1249 1777 1318 1848; x_wconf 90' lang='lat' dir='ltr'><strong>apud</strong></span> <span class='ocrx_word' id='word_1_558' title='bbox 1331 1792 1360 1834; x_wconf 92' lang='lat' dir='ltr'><strong>se</strong></span> <span class='ocrx_word' id='word_1_559' title='bbox 1373 1794 1433 1837; x_wconf 87' lang='lat' dir='ltr'><strong>esse</strong></span> <span class='ocrx_word' id='word_1_560' title='bbox 1444 1790 1471 1837; x_wconf 90' lang='lat' dir='ltr'><strong>et</strong></span> <span class='ocrx_word' id='word_1_561' title='bbox 1484 1796 1499 1837; x_wconf 93' lang='lat' dir='ltr'><strong>a</strong></span> <span class='ocrx_word' id='word_1_562' title='bbox 1512 1782 1609 1839; x_wconf 89' lang='lat' dir='ltr'><strong>sedari</strong></span> <span class='ocrx_word' id='word_1_563' title='bbox 1621 1784 1719 1841; x_wconf 87' lang='lat' dir='ltr'><strong>iontem</strong></span> <span class='ocrx_word' id='word_1_564' title='bbox 1732 1788 1804 1855; x_wconf 74' lang='lat' dir='ltr'><strong>vitae,</strong></span> <span class='ocrx_word' id='word_1_565' title='bbox 1817 1790 1851 1847; x_wconf 90' lang='lat' dir='ltr'><strong>ad</strong></span> 
     </span>
     <span class='ocr_line' id='line_1_62' title="bbox 1070 1869 1850 1949; baseline 0.018 -29"><span class='ocrx_word' id='word_1_566' title='bbox 1070 1880 1148 1935; x_wconf 89' lang='lat' dir='ltr'><strong>quem</strong></span> <span class='ocrx_word' id='word_1_567' title='bbox 1162 1869 1313 1938; x_wconf 72' lang='lat' dir='ltr'><strong>congregati</strong></span> <span class='ocrx_word' id='word_1_568' title='bbox 1326 1870 1453 1926; x_wconf 89' lang='lat' dir='ltr'><strong>recedant</strong></span> <span class='ocrx_word' id='word_1_569' title='bbox 1465 1885 1480 1925; x_wconf 87' lang='lat' dir='ltr'><strong>a</strong></span> <span class='ocrx_word' id='word_1_570' title='bbox 1492 1871 1611 1949; x_wconf 78' lang='lat' dir='ltr'><strong>Christo,</strong></span> <span class='ocrx_word' id='word_1_571' title='bbox 1625 1872 1723 1932; x_wconf 86' lang='lat' dir='ltr'><strong>Christi</strong></span> <span class='ocrx_word' id='word_1_572' title='bbox 1737 1879 1850 1948; x_wconf 85' lang='lat' dir='ltr'><strong>promis-</strong></span> 
     </span>
     <span class='ocr_line' id='line_1_63' title="bbox 1070 1953 1854 2035; baseline 0.023 -27"><span class='ocrx_word' id='word_1_573' title='bbox 1070 1953 1146 2010; x_wconf 88' lang='lat' dir='ltr'><strong>sione</strong></span> <span class='ocrx_word' id='word_1_574' title='bbox 1159 1955 1278 2027; x_wconf 89' lang='lat' dir='ltr'><strong>decepti,</strong></span> <span class='ocrx_word' id='word_1_575' title='bbox 1294 1959 1369 2029; x_wconf 84' lang='lat' dir='ltr'><strong>ettjtts</strong></span> <span class='ocrx_word' id='word_1_576' title='bbox 1384 1960 1554 2035; x_wconf 85' lang='lat' dir='ltr'><strong>nominejam</strong></span> <span class='ocrx_word' id='word_1_577' title='bbox 1569 1964 1728 2021; x_wconf 60' lang='lat' dir='ltr'><strong>tenebantur</strong></span> <span class='ocrx_word' id='word_1_578' title='bbox 1741 1967 1854 2025; x_wconf 84' lang='lat' dir='ltr'><strong>imbutil</strong></span> 
     </span>
     <span class='ocr_line' id='line_1_64' title="bbox 1071 2042 1854 2131; baseline 0.022 -32"><span class='ocrx_word' id='word_1_579' title='bbox 1071 2044 1128 2100; x_wconf 90' lang='lat' dir='ltr'><strong>Non</strong></span> <span class='ocrx_word' id='word_1_580' title='bbox 1141 2047 1211 2102; x_wconf 90' lang='lat' dir='ltr'><strong>enim</strong></span> <span class='ocrx_word' id='word_1_581' title='bbox 1227 2063 1293 2118; x_wconf 88' lang='lat' dir='ltr'><strong>quos</strong></span> <span class='ocrx_word' id='word_1_582' title='bbox 1303 2050 1416 2120; x_wconf 84' lang='lat' dir='ltr'><strong>peperit,</strong></span> <span class='ocrx_word' id='word_1_583' title='bbox 1431 2042 1591 2123; x_wconf 78' lang='lat' dir='ltr'><strong>congregat:</strong></span> <span class='ocrx_word' id='word_1_584' title='bbox 1608 2054 1654 2111; x_wconf 86' lang='lat' dir='ltr'><strong>sed</strong></span> <span class='ocrx_word' id='word_1_585' title='bbox 1668 2065 1696 2112; x_wconf 90' lang='lat' dir='ltr'><strong>ut</strong></span> <span class='ocrx_word' id='word_1_586' title='bbox 1710 2070 1854 2131; x_wconf 67' lang='lat' dir='ltr'><strong>moereret</strong></span> 
     </span>
     <span class='ocr_line' id='line_1_65' title="bbox 1072 2140 1852 2219; baseline 0.023 -30"><span class='ocrx_word' id='word_1_587' title='bbox 1072 2151 1138 2206; x_wconf 90' lang='lat' dir='ltr'><strong>qnos</strong></span> <span class='ocrx_word' id='word_1_588' title='bbox 1146 2151 1198 2192; x_wconf 90' lang='lat' dir='ltr'><strong>non</strong></span> <span class='ocrx_word' id='word_1_589' title='bbox 1208 2140 1319 2208; x_wconf 84' lang='lat' dir='ltr'><strong>peperit,</strong></span> <span class='ocrx_word' id='word_1_590' title='bbox 1331 2140 1404 2204; x_wconf 89' lang='lat' dir='ltr'><strong>dicit,</strong></span> <span class='ocrx_word' id='word_1_591' title='bbox 1416 2141 1493 2197; x_wconf 88' lang='lat' dir='ltr'><strong>Salus</strong></span> <span class='ocrx_word' id='word_1_592' title='bbox 1502 2143 1709 2214; x_wconf 79' lang='lat' dir='ltr'><strong>quemchristus</strong></span> <span class='ocrx_word' id='word_1_593' title='bbox 1719 2151 1852 2219; x_wconf 89' lang='lat' dir='ltr'><strong>promisit,</strong></span> 
     </span>
     <span class='ocr_line' id='line_1_66' title="bbox 1071 2225 1852 2308; baseline 0.022 -29"><span class='ocrx_word' id='word_1_594' title='bbox 1071 2225 1141 2296; x_wconf 89' lang='lat' dir='ltr'><strong>apud</strong></span> <span class='ocrx_word' id='word_1_595' title='bbox 1156 2242 1199 2283; x_wconf 93' lang='lat' dir='ltr'><strong>me</strong></span> <span class='ocrx_word' id='word_1_596' title='bbox 1216 2236 1274 2296; x_wconf 88' lang='lat' dir='ltr'><strong>est;</strong></span> <span class='ocrx_word' id='word_1_597' title='bbox 1289 2243 1339 2300; x_wconf 76' lang='lat' dir='ltr'><strong>ego</strong></span> <span class='ocrx_word' id='word_1_598' title='bbox 1358 2229 1436 2286; x_wconf 83' lang='lat' dir='ltr'><strong>dabo.</strong></span> <span class='ocrx_word' id='word_1_599' title='bbox 1456 2231 1509 2289; x_wconf 91' lang='lat' dir='ltr'><strong>Sed</strong></span> <span class='ocrx_word' id='word_1_600' title='bbox 1531 2234 1590 2290; x_wconf 88' lang='lat' dir='ltr'><strong>vide</strong></span> <span class='ocrx_word' id='word_1_601' title='bbox 1612 2235 1674 2306; x_wconf 91' lang='lat' dir='ltr'><strong>quid</strong></span> <span class='ocrx_word' id='word_1_602' title='bbox 1693 2235 1743 2294; x_wconf 90' lang='lat' dir='ltr'><strong>iste</strong></span> <span class='ocrx_word' id='word_1_603' title='bbox 1764 2238 1852 2308; x_wconf 90' lang='lat' dir='ltr'><strong>dicat,</strong></span> 
     </span>
     <span class='ocr_line' id='line_1_67' title="bbox 1073 2316 1855 2400; baseline 0.02 -28"><span class='ocrx_word' id='word_1_604' title='bbox 1073 2316 1144 2373; x_wconf 82' lang='lat' dir='ltr'><strong>Scau</strong></span> <span class='ocrx_word' id='word_1_605' title='bbox 1156 2336 1205 2387; x_wconf 85' lang='lat' dir='ltr'><strong>me,</strong></span> <span class='ocrx_word' id='word_1_606' title='bbox 1217 2319 1333 2388; x_wconf 84' lang='lat' dir='ltr'><strong>Domine,</strong></span> <span class='ocrx_word' id='word_1_607' title='bbox 1347 2331 1372 2378; x_wconf 86' lang='lat' dir='ltr'><strong>et</strong></span> <span class='ocrx_word' id='word_1_608' title='bbox 1382 2326 1508 2391; x_wconf 72' lang='lat' dir='ltr'><strong>sanaborr</strong></span> <span class='ocrx_word' id='word_1_609' title='bbox 1520 2326 1616 2382; x_wconf 75' lang='lat' dir='ltr'><strong>mirum</strong></span> <span class='ocrx_word' id='word_1_610' title='bbox 1625 2344 1666 2383; x_wconf 83' lang='lat' dir='ltr'><strong>rue</strong></span> <span class='ocrx_word' id='word_1_611' title='bbox 1674 2328 1725 2400; x_wconf 76' lang='lat' dir='ltr'><strong>suc,</strong></span> <span class='ocrx_word' id='word_1_612' title='bbox 1736 2339 1761 2385; x_wconf 86' lang='lat' dir='ltr'><strong>et</strong></span> <span class='ocrx_word' id='word_1_613' title='bbox 1771 2331 1855 2388; x_wconf 79' lang='grc' dir='ltr'>ιαιιιιι</span> 
     </span>
     <span class='ocr_line' id='line_1_68' title="bbox 1072 2407 1856 2489; baseline 0.019 -27"><span class='ocrx_word' id='word_1_614' title='bbox 1072 2422 1125 2462; x_wconf 82' lang='lat' dir='ltr'><strong>ero.</strong></span> <span class='ocrx_word' id='word_1_615' title='bbox 1139 2407 1215 2465; x_wconf 87' lang='lat' dir='ltr'><strong>Unde</strong></span> <span class='ocrx_word' id='word_1_616' title='bbox 1233 2411 1376 2480; x_wconf 75' lang='lat' dir='ltr'><strong>Apostolus</strong></span> <span class='ocrx_word' id='word_1_617' title='bbox 1390 2413 1465 2480; x_wconf 72' lang='lat' dir='ltr'><strong>dicit,</strong></span> <span class='ocrx_word' id='word_1_618' title='bbox 1486 2413 1569 2471; x_wconf 87' lang='lat' dir='ltr'><strong>Nemo</strong></span> <span class='ocrx_word' id='word_1_619' title='bbox 1583 2418 1705 2489; x_wconf 80' lang='lat' dir='ltr'><strong>plorietur</strong></span> <span class='ocrx_word' id='word_1_620' title='bbox 1716 2420 1743 2475; x_wconf 86' lang='lat' dir='ltr'><strong>itt</strong></span> <span class='ocrx_word' id='word_1_621' title='bbox 1755 2419 1856 2476; x_wconf 77' lang='grc' dir='ltr'>Ιιοιιιὶιιι</span> 
     </span>
     <span class='ocr_line' id='line_1_69' title="bbox 1075 2495 1856 2583; baseline 0.024 -33"><span class='ocrx_word' id='word_1_622' title='bbox 1075 2495 1097 2568; x_wconf 94' lang='lat' dir='ltr'><strong>(l</strong></span> <span class='ocrx_word' id='word_1_623' title='bbox 1108 2496 1166 2552; x_wconf 89' lang='lat' dir='ltr'><strong>Cor.</strong></span> <span class='ocrx_word' id='word_1_624' title='bbox 1180 2513 1217 2565; x_wconf 90' lang='lat' dir='ltr'><strong>ut,</strong></span> <span class='ocrx_word' id='word_1_625' title='bbox 1231 2499 1276 2575; x_wconf 64' lang='lat' dir='ltr'><strong>hl)</strong></span> <span class='ocrx_word' id='word_1_626' title='bbox 1290 2519 1298 2557; x_wconf 78' lang='lat' dir='ltr'><strong>t</strong></span> <span class='ocrx_word' id='word_1_627' title='bbox 1313 2511 1341 2558; x_wconf 90' lang='lat' dir='ltr'><strong>ct</strong></span> <span class='ocrx_word' id='word_1_628' title='bbox 1359 2504 1410 2560; x_wconf 88' lang='lat' dir='ltr'><strong>iste</strong></span> <span class='ocrx_word' id='word_1_629' title='bbox 1428 2506 1578 2578; x_wconf 78' lang='lat' dir='ltr'><strong>subjungit,</strong></span> <span class='ocrx_word' id='word_1_630' title='bbox 1600 2508 1725 2578; x_wconf 81' lang='lat' dir='ltr'><strong>Quortiuvu</strong></span> <span class='ocrx_word' id='word_1_631' title='bbox 1738 2510 1856 2583; x_wconf 76' lang='lat' dir='ltr'><strong>plutiano</strong></span> 
     </span>
     <span class='ocr_line' id='line_1_70' title="bbox 1075 2589 1857 2669; baseline 0.027 -30"><span class='ocrx_word' id='word_1_632' title='bbox 1075 2602 1129 2640; x_wconf 85' lang='lat' dir='ltr'><strong>utcu</strong></span> <span class='ocrx_word' id='word_1_633' title='bbox 1140 2597 1165 2641; x_wconf 90' lang='lat' dir='ltr'><strong>tu</strong></span> <span class='ocrx_word' id='word_1_634' title='bbox 1176 2605 1201 2644; x_wconf 82' lang='lat' dir='ltr'><strong>ev</strong></span> <span class='ocrx_word' id='word_1_635' title='bbox 1211 2589 1315 2661; x_wconf 75' lang='lat' dir='ltr'><strong>tieem.</strong></span> <span class='ocrx_word' id='word_1_636' title='bbox 1328 2606 1395 2662; x_wconf 89' lang='lat' dir='ltr'><strong>svn,</strong></span> <span class='ocrx_word' id='word_1_637' title='bbox 1409 2597 1452 2659; x_wconf 80' lang='lat' dir='ltr'><strong>lii,</strong></span> <span class='ocrx_word' id='word_1_638' title='bbox 1466 2597 1522 2669; x_wconf 87' lang='lat' dir='ltr'><strong>ll).</strong></span> <span class='ocrx_word' id='word_1_639' title='bbox 1535 2597 1581 2654; x_wconf 91' lang='lat' dir='ltr'><strong>liis</strong></span> <span class='ocrx_word' id='word_1_640' title='bbox 1593 2600 1678 2657; x_wconf 85' lang='lat' dir='ltr'><strong>modis</strong></span> <span class='ocrx_word' id='word_1_641' title='bbox 1688 2618 1737 2659; x_wconf 92' lang='lat' dir='ltr'><strong>nos</strong></span> <span class='ocrx_word' id='word_1_642' title='bbox 1750 2603 1857 2660; x_wconf 90' lang='lat' dir='ltr'><strong>instrui-</strong></span> 
     </span>
     <span class='ocr_line' id='line_1_71' title="bbox 1075 2678 1855 2763; baseline 0.024 -31"><span class='ocrx_word' id='word_1_643' title='bbox 1075 2693 1134 2733; x_wconf 86' lang='lat' dir='ltr'><strong>mus</strong></span> <span class='ocrx_word' id='word_1_644' title='bbox 1149 2678 1281 2738; x_wconf 90' lang='lat' dir='ltr'><strong>hominem</strong></span> <span class='ocrx_word' id='word_1_645' title='bbox 1296 2698 1328 2738; x_wconf 83' lang='lat' dir='ltr'><strong>es</strong></span> <span class='ocrx_word' id='word_1_646' title='bbox 1343 2687 1485 2754; x_wconf 88' lang='lat' dir='ltr'><strong>apostolica</strong></span> <span class='ocrx_word' id='word_1_647' title='bbox 1497 2689 1703 2762; x_wconf 89' lang='lat' dir='ltr'><strong>propheticaque</strong></span> <span class='ocrx_word' id='word_1_648' title='bbox 1719 2691 1855 2763; x_wconf 88' lang='lat' dir='ltr'><strong>doctrina,</strong></span> 
     </span>
    </p>
   </div>
   <div class='ocr_carea' id='block_1_9' title="bbox 1075 2769 1857 2939">
    <p class='ocr_par' dir='ltr' id='par_1_11' title="bbox 1075 2769 1857 2939">
     <span class='ocr_line' id='line_1_72' title="bbox 1075 2769 1857 2851; baseline 0.024 -28"><span class='ocrx_word' id='word_1_649' title='bbox 1075 2775 1105 2823; x_wconf 91' lang='lat' dir='ltr'><strong>ut</strong></span> <span class='ocrx_word' id='word_1_650' title='bbox 1116 2769 1260 2826; x_wconf 76' lang='lat' dir='ltr'><strong>editioetnr</strong></span> <span class='ocrx_word' id='word_1_651' title='bbox 1273 2786 1353 2844; x_wconf 88' lang='lat' dir='ltr'><strong>snper</strong></span> <span class='ocrx_word' id='word_1_652' title='bbox 1365 2773 1534 2834; x_wconf 82' lang='lat' dir='ltr'><strong>fundamenta</strong></span> <span class='ocrx_word' id='word_1_653' title='bbox 1547 2779 1734 2851; x_wconf 79' lang='lat' dir='ltr'><strong>Apostolorum</strong></span> <span class='ocrx_word' id='word_1_654' title='bbox 1746 2792 1773 2851; x_wconf 81' lang='lat' dir='ltr'><strong>et</strong></span> <span class='ocrx_word' id='word_1_655' title='bbox 1790 2783 1857 2841; x_wconf 88' lang='lat' dir='ltr'><strong>Pro·</strong></span> 
     </span>
     <span class='ocr_line' id='line_1_73' title="bbox 1076 2857 1446 2939; baseline 0.022 -26"><span class='ocrx_word' id='word_1_656' title='bbox 1076 2857 1214 2928; x_wconf 72' lang='lat' dir='ltr'><strong>plectarum</strong></span> <span class='ocrx_word' id='word_1_657' title='bbox 1226 2859 1334 2934; x_wconf 75' lang='lat' dir='ltr'><strong>(Ephe.</strong></span> <span class='ocrx_word' id='word_1_658' title='bbox 1348 2879 1378 2931; x_wconf 89' lang='lat' dir='ltr'><strong>n,</strong></span> <span class='ocrx_word' id='word_1_659' title='bbox 1388 2863 1446 2939; x_wconf 75' lang='lat' dir='ltr'><strong>sit).</strong></span> 
     </span>
    </p>
   </div>
   <div class='ocr_carea' id='block_1_10' title="bbox 1077 2970 1924 5773">
    <p class='ocr_par' dir='ltr' id='par_1_12' title="bbox 1077 2970 1924 5773">
     <span class='ocr_line' id='line_1_74' title="bbox 1111 2970 1858 3057; baseline 0.02 -31"><span class='ocrx_word' id='word_1_660' title='bbox 1111 2970 1224 3030; x_wconf 87' lang='lat' dir='ltr'><strong>ChPU&#39;l</strong></span> <span class='ocrx_word' id='word_1_661' title='bbox 1241 2973 1321 3030; x_wconf 84' lang='lat' dir='ltr'><strong>xvii.</strong></span> <span class='ocrx_word' id='word_1_662' title='bbox 1334 3005 1371 3015; x_wconf 96' lang='lat'><strong>—</strong></span> <span class='ocrx_word' id='word_1_663' title='bbox 1383 2976 1495 3034; x_wconf 83' lang='lat' dir='ltr'><strong>Faustus</strong></span> <span class='ocrx_word' id='word_1_664' title='bbox 1503 2986 1592 3042; x_wconf 88' lang='lat' dir='ltr'><strong>antem</strong></span> <span class='ocrx_word' id='word_1_665' title='bbox 1604 2983 1738 3053; x_wconf 91' lang='lat' dir='ltr'><strong>quomodo</strong></span> <span class='ocrx_word' id='word_1_666' title='bbox 1749 2999 1858 3057; x_wconf 79' lang='lat' dir='ltr'><strong>persua·</strong></span> 
     </span>
     <span class='ocr_line' id='line_1_75' title="bbox 1077 3063 1860 3146; baseline 0.02 -28"><span class='ocrx_word' id='word_1_667' title='bbox 1077 3063 1152 3120; x_wconf 91' lang='lat' dir='ltr'><strong>deret</strong></span> <span class='ocrx_word' id='word_1_668' title='bbox 1166 3065 1327 3122; x_wconf 76' lang='lat' dir='ltr'><strong>diuinitatem</strong></span> <span class='ocrx_word' id='word_1_669' title='bbox 1340 3066 1453 3139; x_wconf 87' lang='lat' dir='ltr'><strong>Christi,</strong></span> <span class='ocrx_word' id='word_1_670' title='bbox 1467 3069 1567 3127; x_wconf 90' lang='lat' dir='ltr'><strong>homini</strong></span> <span class='ocrx_word' id='word_1_671' title='bbox 1583 3074 1692 3144; x_wconf 69' lang='lat' dir='ltr'><strong>gentili,</strong></span> <span class='ocrx_word' id='word_1_672' title='bbox 1707 3091 1787 3146; x_wconf 87' lang='lat' dir='ltr'><strong>quem</strong></span> <span class='ocrx_word' id='word_1_673' title='bbox 1799 3092 1860 3134; x_wconf 90' lang='lat' dir='ltr'><strong>con·</strong></span> 
     </span>
     <span class='ocr_line' id='line_1_76' title="bbox 1077 3153 1861 3232; baseline 0.02 -25"><span class='ocrx_word' id='word_1_674' title='bbox 1077 3153 1163 3210; x_wconf 89' lang='lat' dir='ltr'><strong>stituit</strong></span> <span class='ocrx_word' id='word_1_675' title='bbox 1173 3154 1314 3223; x_wconf 88' lang='lat' dir='ltr'><strong>dicentem,</strong></span> <span class='ocrx_word' id='word_1_676' title='bbox 1327 3156 1382 3214; x_wconf 85' lang='lat' dir='ltr'><strong>Nec</strong></span> <span class='ocrx_word' id='word_1_677' title='bbox 1392 3158 1533 3230; x_wconf 88' lang='lat' dir='ltr'><strong>Prophetis</strong></span> <span class='ocrx_word' id='word_1_678' title='bbox 1544 3160 1624 3218; x_wconf 88' lang='lat' dir='ltr'><strong>credo</strong></span> <span class='ocrx_word' id='word_1_679' title='bbox 1634 3162 1668 3218; x_wconf 90' lang='lat' dir='ltr'><strong>dc</strong></span> <span class='ocrx_word' id='word_1_680' title='bbox 1678 3160 1798 3232; x_wconf 86' lang='lat' dir='ltr'><strong>Christo;</strong></span> <span class='ocrx_word' id='word_1_681' title='bbox 1811 3180 1861 3223; x_wconf 88' lang='lat' dir='ltr'><strong>uec</strong></span> 
     </span>
     <span class='ocr_line' id='line_1_77' title="bbox 1077 3243 1860 3328; baseline 0.019 -31"><span class='ocrx_word' id='word_1_682' title='bbox 1077 3243 1184 3300; x_wconf 88' lang='lat' dir='ltr'><strong>Christo</strong></span> <span class='ocrx_word' id='word_1_683' title='bbox 1197 3244 1230 3301; x_wconf 90' lang='lat' dir='ltr'><strong>de</strong></span> <span class='ocrx_word' id='word_1_684' title='bbox 1242 3245 1398 3318; x_wconf 74' lang='lat' dir='ltr'><strong>Prophetis?</strong></span> <span class='ocrx_word' id='word_1_685' title='bbox 1410 3249 1450 3304; x_wconf 80' lang='lat' dir='ltr'><strong>hn</strong></span> <span class='ocrx_word' id='word_1_686' title='bbox 1464 3249 1570 3306; x_wconf 90' lang='lat' dir='ltr'><strong>Christo</strong></span> <span class='ocrx_word' id='word_1_687' title='bbox 1583 3250 1706 3309; x_wconf 90' lang='lat' dir='ltr'><strong>crederet</strong></span> <span class='ocrx_word' id='word_1_688' title='bbox 1717 3253 1751 3311; x_wconf 90' lang='lat' dir='ltr'><strong>de</strong></span> <span class='ocrx_word' id='word_1_689' title='bbox 1759 3269 1789 3311; x_wconf 90' lang='lat' dir='ltr'><strong>se</strong></span> <span class='ocrx_word' id='word_1_690' title='bbox 1802 3257 1860 3328; x_wconf 87' lang='lat' dir='ltr'><strong>ipso</strong></span> 
     </span>
     <span class='ocr_line' id='line_1_78' title="bbox 1078 3335 1861 3408; baseline 0.019 -17"><span class='ocrx_word' id='word_1_691' title='bbox 1078 3335 1191 3402; x_wconf 87' lang='lat' dir='ltr'><strong>dicenti,</strong></span> <span class='ocrx_word' id='word_1_692' title='bbox 1213 3337 1256 3394; x_wconf 90' lang='lat' dir='ltr'><strong>cui</strong></span> <span class='ocrx_word' id='word_1_693' title='bbox 1279 3355 1330 3395; x_wconf 90' lang='lat' dir='ltr'><strong>non</strong></span> <span class='ocrx_word' id='word_1_694' title='bbox 1343 3341 1463 3397; x_wconf 88' lang='lat' dir='ltr'><strong>crederet</strong></span> <span class='ocrx_word' id='word_1_695' title='bbox 1476 3341 1509 3399; x_wconf 89' lang='lat' dir='ltr'><strong>de</strong></span> <span class='ocrx_word' id='word_1_696' title='bbox 1527 3342 1587 3398; x_wconf 90' lang='lat' dir='ltr'><strong>aliis</strong></span> <span class='ocrx_word' id='word_1_697' title='bbox 1607 3344 1778 3403; x_wconf 81' lang='lat' dir='ltr'><strong>testiilcantii</strong></span> <span class='ocrx_word' id='word_1_698' title='bbox 1792 3347 1861 3408; x_wconf 75' lang='lat' dir='ltr'><strong>Vere</strong></span> 
     </span>
     <span class='ocr_line' id='line_1_79' title="bbox 1078 3426 1860 3509; baseline 0.017 -28"><span class='ocrx_word' id='word_1_699' title='bbox 1078 3426 1217 3483; x_wconf 89' lang='lat' dir='ltr'><strong>ridiculum</strong></span> <span class='ocrx_word' id='word_1_700' title='bbox 1230 3439 1271 3485; x_wconf 93' lang='lat' dir='ltr'><strong>est</strong></span> <span class='ocrx_word' id='word_1_701' title='bbox 1283 3430 1335 3487; x_wconf 88' lang='lat' dir='ltr'><strong>hoc</strong></span> <span class='ocrx_word' id='word_1_702' title='bbox 1351 3440 1453 3502; x_wconf 88' lang='lat' dir='ltr'><strong>putare.</strong></span> <span class='ocrx_word' id='word_1_703' title='bbox 1469 3432 1552 3502; x_wconf 80' lang='lat' dir='ltr'><strong>Quem</strong></span> <span class='ocrx_word' id='word_1_704' title='bbox 1566 3434 1650 3492; x_wconf 90' lang='lat' dir='ltr'><strong>semei</strong></span> <span class='ocrx_word' id='word_1_705' title='bbox 1667 3436 1739 3492; x_wconf 88' lang='lat' dir='ltr'><strong>enim</strong></span> <span class='ocrx_word' id='word_1_706' title='bbox 1753 3436 1860 3509; x_wconf 81' lang='lat' dir='ltr'><strong>dignum</strong></span> 
     </span>
     <span class='ocr_line' id='line_1_80' title="bbox 1078 3516 1862 3597; baseline 0.018 -25"><span class='ocrx_word' id='word_1_707' title='bbox 1078 3516 1132 3574; x_wconf 85' lang='lat' dir='ltr'><strong>ssde</strong></span> <span class='ocrx_word' id='word_1_708' title='bbox 1144 3533 1197 3575; x_wconf 93' lang='lat' dir='ltr'><strong>non</strong></span> <span class='ocrx_word' id='word_1_709' title='bbox 1210 3518 1335 3589; x_wconf 89' lang='lat' dir='ltr'><strong>duceret,</strong></span> <span class='ocrx_word' id='word_1_710' title='bbox 1354 3531 1400 3579; x_wconf 91' lang='lat' dir='ltr'><strong>aut</strong></span> <span class='ocrx_word' id='word_1_711' title='bbox 1411 3523 1520 3578; x_wconf 86' lang='lat' dir='ltr'><strong>omnino</strong></span> <span class='ocrx_word' id='word_1_712' title='bbox 1541 3524 1607 3581; x_wconf 92' lang='lat' dir='ltr'><strong>nihil</strong></span> <span class='ocrx_word' id='word_1_713' title='bbox 1627 3526 1652 3582; x_wconf 92' lang='lat' dir='ltr'><strong>ei</strong></span> <span class='ocrx_word' id='word_1_714' title='bbox 1666 3526 1803 3597; x_wconf 88' lang='lat' dir='ltr'><strong>crederet,</strong></span> <span class='ocrx_word' id='word_1_715' title='bbox 1817 3538 1862 3586; x_wconf 90' lang='lat' dir='ltr'><strong>aut</strong></span> 
     </span>
     <span class='ocr_line' id='line_1_81' title="bbox 1079 3598 1861 3685; baseline 0.013 -21"><span class='ocrx_word' id='word_1_716' title='bbox 1079 3609 1167 3678; x_wconf 80' lang='lat' dir='ltr'><strong>retius</strong></span> <span class='ocrx_word' id='word_1_717' title='bbox 1179 3622 1227 3678; x_wconf 93' lang='lat' dir='ltr'><strong>pro</strong></span> <span class='ocrx_word' id='word_1_718' title='bbox 1240 3598 1303 3666; x_wconf 86' lang='lat' dir='ltr'><strong>aliis</strong></span> <span class='ocrx_word' id='word_1_719' title='bbox 1312 3625 1391 3681; x_wconf 93' lang='lat' dir='ltr'><strong>qnam</strong></span> <span class='ocrx_word' id='word_1_720' title='bbox 1401 3627 1449 3682; x_wconf 92' lang='lat' dir='ltr'><strong>pro</strong></span> <span class='ocrx_word' id='word_1_721' title='bbox 1459 3627 1488 3668; x_wconf 90' lang='lat' dir='ltr'><strong>se</strong></span> <span class='ocrx_word' id='word_1_722' title='bbox 1500 3614 1557 3685; x_wconf 91' lang='lat' dir='ltr'><strong>ipso</strong></span> <span class='ocrx_word' id='word_1_723' title='bbox 1567 3615 1717 3673; x_wconf 83' lang='lat' dir='ltr'><strong>testificanti</strong></span> <span class='ocrx_word' id='word_1_724' title='bbox 1730 3617 1861 3676; x_wconf 85' lang='lat' dir='ltr'><strong>crederet.</strong></span> 
     </span>
     <span class='ocr_line' id='line_1_82' title="bbox 1079 3695 1863 3781; baseline 0.023 -31"><span class='ocrx_word' id='word_1_725' title='bbox 1079 3695 1128 3752; x_wconf 89' lang='lat' dir='ltr'><strong>llic</strong></span> <span class='ocrx_word' id='word_1_726' title='bbox 1141 3697 1208 3754; x_wconf 89' lang='lat' dir='ltr'><strong>lorte</strong></span> <span class='ocrx_word' id='word_1_727' title='bbox 1220 3698 1333 3755; x_wconf 78' lang='lat' dir='ltr'><strong>Faustus</strong></span> <span class='ocrx_word' id='word_1_728' title='bbox 1346 3699 1449 3764; x_wconf 89' lang='lat' dir='ltr'><strong>irrisus,</strong></span> <span class='ocrx_word' id='word_1_729' title='bbox 1464 3702 1578 3776; x_wconf 82' lang='lat' dir='ltr'><strong>Sibyllae</strong></span> <span class='ocrx_word' id='word_1_730' title='bbox 1591 3704 1691 3762; x_wconf 90' lang='lat' dir='ltr'><strong>homini</strong></span> <span class='ocrx_word' id='word_1_731' title='bbox 1704 3706 1820 3781; x_wconf 75' lang='lat' dir='ltr'><strong>legeret,</strong></span> <span class='ocrx_word' id='word_1_732' title='bbox 1829 3709 1863 3767; x_wconf 84' lang='lat' dir='ltr'><strong>&#39;et</strong></span> 
     </span>
     <span class='ocr_line' id='line_1_83' title="bbox 1079 3786 1863 3869; baseline 0.019 -26"><span class='ocrx_word' id='word_1_733' title='bbox 1079 3786 1224 3858; x_wconf 84' lang='lat' dir='ltr'><strong>Orpheum,</strong></span> <span class='ocrx_word' id='word_1_734' title='bbox 1240 3796 1268 3846; x_wconf 92' lang='lat' dir='ltr'><strong>et</strong></span> <span class='ocrx_word' id='word_1_735' title='bbox 1280 3797 1392 3848; x_wconf 77' lang='lat' dir='ltr'><strong>eeteros</strong></span> <span class='ocrx_word' id='word_1_736' title='bbox 1406 3791 1566 3864; x_wconf 81' lang='lat' dir='ltr'><strong>hujusmodi,</strong></span> <span class='ocrx_word' id='word_1_737' title='bbox 1579 3794 1678 3869; x_wconf 87' lang='lat' dir='ltr'><strong>siquos</strong></span> <span class='ocrx_word' id='word_1_738' title='bbox 1689 3798 1756 3856; x_wconf 88' lang='lat' dir='ltr'><strong>aiios</strong></span> <span class='ocrx_word' id='word_1_739' title='bbox 1770 3798 1863 3857; x_wconf 87' lang='lat' dir='ltr'><strong>Centi-</strong></span> 
     </span>
     <span class='ocr_line' id='line_1_84' title="bbox 1080 3878 1924 3963; baseline 0.013 -29"><span class='ocrx_word' id='word_1_740' title='bbox 1080 3878 1144 3934; x_wconf 93' lang='lat' dir='ltr'><strong>lium</strong></span> <span class='ocrx_word' id='word_1_741' title='bbox 1164 3880 1295 3949; x_wconf 87' lang='lat' dir='ltr'><strong>reperiret</strong></span> <span class='ocrx_word' id='word_1_742' title='bbox 1306 3880 1340 3938; x_wconf 89' lang='lat' dir='ltr'><strong>de</strong></span> <span class='ocrx_word' id='word_1_743' title='bbox 1351 3882 1457 3939; x_wconf 86' lang='lat' dir='ltr'><strong>Christo</strong></span> <span class='ocrx_word' id='word_1_744' title='bbox 1476 3884 1573 3957; x_wconf 87' lang='lat' dir='ltr'><strong>aliquid</strong></span> <span class='ocrx_word' id='word_1_745' title='bbox 1587 3888 1796 3963; x_wconf 80' lang='lat' dir='ltr'><strong>prenuntiasse?</strong></span> <span class='ocrx_word' id='word_1_746' title='bbox 1808 3890 1862 3946; x_wconf 88' lang='lat' dir='ltr'><strong>Sed</strong></span> <span class='ocrx_word' id='word_1_747' title='bbox 1918 3925 1924 3935; x_wconf 87' lang='lat'><strong>·</strong></span> 
     </span>
     <span class='ocr_line' id='line_1_85' title="bbox 1080 3967 1864 4049; baseline 0.015 -26"><span class='ocrx_word' id='word_1_748' title='bbox 1080 3982 1135 4024; x_wconf 89' lang='lat' dir='ltr'><strong>non</strong></span> <span class='ocrx_word' id='word_1_749' title='bbox 1148 3967 1264 4025; x_wconf 86' lang='lat' dir='ltr'><strong>laceret:</strong></span> <span class='ocrx_word' id='word_1_750' title='bbox 1277 3984 1324 4027; x_wconf 92' lang='lat' dir='ltr'><strong>eos</strong></span> <span class='ocrx_word' id='word_1_751' title='bbox 1337 3972 1432 4043; x_wconf 90' lang='lat' dir='ltr'><strong>quippe</strong></span> <span class='ocrx_word' id='word_1_752' title='bbox 1442 3973 1492 4030; x_wconf 89' lang='lat' dir='ltr'><strong>sibi</strong></span> <span class='ocrx_word' id='word_1_753' title='bbox 1505 3975 1651 4049; x_wconf 76' lang='lat' dir='ltr'><strong>incognitos</strong></span> <span class='ocrx_word' id='word_1_754' title='bbox 1662 3976 1746 4033; x_wconf 82' lang='lat' dir='ltr'><strong>iassvu</strong></span> <span class='ocrx_word' id='word_1_755' title='bbox 1755 3989 1805 4045; x_wconf 88' lang='lat' dir='ltr'><strong>est,</strong></span> <span class='ocrx_word' id='word_1_756' title='bbox 1821 3980 1864 4034; x_wconf 91' lang='lat' dir='ltr'><strong>di·</strong></span> 
     </span>
     <span class='ocr_line' id='line_1_86' title="bbox 1081 4059 1863 4140; baseline 0.017 -26"><span class='ocrx_word' id='word_1_757' title='bbox 1081 4074 1160 4127; x_wconf 88' lang='lat' dir='ltr'><strong>cens,</strong></span> <span class='ocrx_word' id='word_1_758' title='bbox 1181 4059 1287 4115; x_wconf 85' lang='lat' dir='ltr'><strong>Sunesi</strong></span> <span class='ocrx_word' id='word_1_759' title='bbox 1306 4071 1364 4117; x_wconf 83' lang='lat' dir='ltr'><strong>suut</strong></span> <span class='ocrx_word' id='word_1_760' title='bbox 1383 4063 1607 4137; x_wconf 67' lang='lat' dir='ltr'><strong>silestantinam</strong></span> <span class='ocrx_word' id='word_1_761' title='bbox 1627 4074 1677 4135; x_wconf 86' lang='lat' dir='ltr'><strong>est,</strong></span> <span class='ocrx_word' id='word_1_762' title='bbox 1702 4066 1809 4140; x_wconf 72' lang='lat' dir='ltr'><strong>sitque</strong></span> <span class='ocrx_word' id='word_1_763' title='bbox 1831 4072 1863 4127; x_wconf 85' lang='lat' dir='ltr'><strong>de</strong></span> 
     </span>
     <span class='ocr_line' id='line_1_87' title="bbox 1082 4148 1864 4232; baseline 0.012 -28"><span class='ocrx_word' id='word_1_764' title='bbox 1082 4148 1181 4204; x_wconf 83' lang='lat' dir='ltr'><strong>Christe</strong></span> <span class='ocrx_word' id='word_1_765' title='bbox 1191 4149 1328 4221; x_wconf 67' lang='lat' dir='ltr'><strong>menapia,</strong></span> <span class='ocrx_word' id='word_1_766' title='bbox 1342 4161 1386 4206; x_wconf 87' lang='lat' dir='ltr'><strong>aut</strong></span> <span class='ocrx_word' id='word_1_767' title='bbox 1400 4151 1534 4221; x_wconf 82' lang='lat' dir='ltr'><strong>llerrrretis,</strong></span> <span class='ocrx_word' id='word_1_768' title='bbox 1547 4173 1618 4226; x_wconf 86' lang='lat' dir='ltr'><strong>queas</strong></span> <span class='ocrx_word' id='word_1_769' title='bbox 1628 4157 1712 4213; x_wconf 79' lang='lat' dir='ltr'><strong>dicum</strong></span> <span class='ocrx_word' id='word_1_770' title='bbox 1727 4157 1864 4232; x_wconf 73' lang='lat' dir='ltr'><strong>Tusureqi·</strong></span> 
     </span>
     <span class='ocr_line' id='line_1_88' title="bbox 1081 4237 1863 4315; baseline 0.015 -21"><span class='ocrx_word' id='word_1_771' title='bbox 1081 4246 1157 4305; x_wconf 77' lang='lat' dir='ltr'><strong>siritu,</strong></span> <span class='ocrx_word' id='word_1_772' title='bbox 1172 4248 1215 4293; x_wconf 87' lang='lat' dir='ltr'><strong>uut</strong></span> <span class='ocrx_word' id='word_1_773' title='bbox 1230 4237 1324 4311; x_wconf 85' lang='lat' dir='ltr'><strong>Orphei</strong></span> <span class='ocrx_word' id='word_1_774' title='bbox 1343 4242 1498 4315; x_wconf 82' lang='lat' dir='ltr'><strong>uiiorurnque</strong></span> <span class='ocrx_word' id='word_1_775' title='bbox 1511 4262 1538 4300; x_wconf 90' lang='grc' dir='ltr'><strong>ιιι</strong></span> <span class='ocrx_word' id='word_1_776' title='bbox 1551 4245 1695 4304; x_wconf 78' lang='lat' dir='ltr'><strong>Gentilitutc</strong></span> <span class='ocrx_word' id='word_1_777' title='bbox 1704 4251 1863 4307; x_wconf 77' lang='lat' dir='ltr'><strong>retunt.&#39;ilo·</strong></span> 
     </span>
     <span class='ocr_line' id='line_1_89' title="bbox 1083 4329 1866 4413; baseline 0.015 -29"><span class='ocrx_word' id='word_1_778' title='bbox 1083 4344 1142 4385; x_wconf 91' lang='lat' dir='ltr'><strong>rum</strong></span> <span class='ocrx_word' id='word_1_779' title='bbox 1155 4343 1219 4401; x_wconf 67' lang='lat' dir='ltr'><strong>erpo</strong></span> <span class='ocrx_word' id='word_1_780' title='bbox 1238 4329 1288 4386; x_wconf 88' lang='lat' dir='ltr'><strong>istc</strong></span> <span class='ocrx_word' id='word_1_781' title='bbox 1308 4330 1410 4388; x_wconf 86' lang='lat' dir='ltr'><strong>litteras</strong></span> <span class='ocrx_word' id='word_1_782' title='bbox 1426 4335 1564 4404; x_wconf 90' lang='lat' dir='ltr'><strong>nesciens,</strong></span> <span class='ocrx_word' id='word_1_783' title='bbox 1587 4337 1798 4413; x_wconf 77' lang='lat' dir='ltr'><strong>qnandoquidem</strong></span> <span class='ocrx_word' id='word_1_784' title='bbox 1819 4356 1866 4410; x_wconf 90' lang='lat' dir='ltr'><strong>pcr</strong></span> 
     </span>
     <span class='ocr_line' id='line_1_90' title="bbox 1083 4419 1853 4502; baseline 0.017 -28"><span class='ocrx_word' id='word_1_785' title='bbox 1083 4419 1179 4475; x_wconf 89' lang='lat' dir='ltr'><strong>lamam</strong></span> <span class='ocrx_word' id='word_1_786' title='bbox 1195 4429 1269 4491; x_wconf 89' lang='lat' dir='ltr'><strong>putat</strong></span> <span class='ocrx_word' id='word_1_787' title='bbox 1282 4436 1341 4478; x_wconf 91' lang='lat' dir='ltr'><strong>esse</strong></span> <span class='ocrx_word' id='word_1_788' title='bbox 1354 4423 1456 4500; x_wconf 85' lang='lat' dir='ltr'><strong>aliquos</strong></span> <span class='ocrx_word' id='word_1_789' title='bbox 1470 4426 1545 4495; x_wconf 88' lang='lat' dir='ltr'><strong>tales,</strong></span> <span class='ocrx_word' id='word_1_790' title='bbox 1559 4442 1614 4482; x_wconf 89' lang='grc' dir='ltr'>ιιοιι</span> <span class='ocrx_word' id='word_1_791' title='bbox 1627 4443 1673 4485; x_wconf 89' lang='lat' dir='ltr'><strong>eas</strong></span> <span class='ocrx_word' id='word_1_792' title='bbox 1687 4430 1778 4502; x_wconf 89' lang='lat' dir='ltr'><strong>otique</strong></span> <span class='ocrx_word' id='word_1_793' title='bbox 1795 4430 1853 4502; x_wconf 73' lang='lat' dir='ltr'><strong>lege</strong></span> 
     </span>
     <span class='ocr_line' id='line_1_91' title="bbox 1084 4511 1865 4587; baseline 0.013 -20"><span class='ocrx_word' id='word_1_794' title='bbox 1084 4521 1125 4567; x_wconf 90' lang='lat' dir='ltr'><strong>ret</strong></span> <span class='ocrx_word' id='word_1_795' title='bbox 1144 4513 1181 4568; x_wconf 91' lang='lat' dir='ltr'><strong>illi</strong></span> <span class='ocrx_word' id='word_1_796' title='bbox 1202 4511 1314 4582; x_wconf 90' lang='lat' dir='ltr'><strong>dicenti,</strong></span> <span class='ocrx_word' id='word_1_797' title='bbox 1334 4513 1388 4570; x_wconf 84' lang='lat' dir='ltr'><strong>Nec</strong></span> <span class='ocrx_word' id='word_1_798' title='bbox 1410 4515 1548 4586; x_wconf 88' lang='lat' dir='ltr'><strong>Prophetis</strong></span> <span class='ocrx_word' id='word_1_799' title='bbox 1566 4517 1660 4587; x_wconf 90' lang='lat' dir='ltr'><strong>credo,</strong></span> <span class='ocrx_word' id='word_1_800' title='bbox 1682 4535 1732 4577; x_wconf 88' lang='lat' dir='ltr'><strong>nec</strong></span> <span class='ocrx_word' id='word_1_801' title='bbox 1749 4519 1865 4578; x_wconf 89' lang='lat' dir='ltr'><strong>Christo.</strong></span> 
     </span>
     <span class='ocr_line' id='line_1_92' title="bbox 1083 4604 1865 4682; baseline 0.013 -23"><span class='ocrx_word' id='word_1_802' title='bbox 1083 4604 1152 4673; x_wconf 82' lang='lat' dir='ltr'><strong>Qvtid</strong></span> <span class='ocrx_word' id='word_1_803' title='bbox 1166 4605 1245 4678; x_wconf 75' lang='lat' dir='ltr'><strong>ipitnr</strong></span> <span class='ocrx_word' id='word_1_804' title='bbox 1256 4605 1371 4662; x_wconf 88' lang='lat' dir='ltr'><strong>lacereti</strong></span> <span class='ocrx_word' id='word_1_805' title='bbox 1386 4608 1426 4662; x_wconf 84' lang='lat' dir='ltr'><strong>hu</strong></span> <span class='ocrx_word' id='word_1_806' title='bbox 1441 4608 1570 4679; x_wconf 78' lang='lat' dir='ltr'><strong>proiceret</strong></span> <span class='ocrx_word' id='word_1_807' title='bbox 1586 4608 1778 4682; x_wconf 75' lang='lat' dir='ltr'><strong>llanicbreum,</strong></span> <span class='ocrx_word' id='word_1_808' title='bbox 1793 4624 1819 4670; x_wconf 89' lang='lat' dir='ltr'><strong>ct</strong></span> <span class='ocrx_word' id='word_1_809' title='bbox 1833 4630 1865 4671; x_wconf 84' lang='lat' dir='ltr'><strong>ex</strong></span> 
     </span>
     <span class='ocr_line' id='line_1_93' title="bbox 1085 4695 1866 4770; baseline 0.012 -20"><span class='ocrx_word' id='word_1_810' title='bbox 1085 4696 1130 4750; x_wconf 92' lang='lat' dir='ltr'><strong>iilo</strong></span> <span class='ocrx_word' id='word_1_811' title='bbox 1142 4695 1341 4751; x_wconf 86' lang='lat' dir='ltr'><strong>commendaret</strong></span> <span class='ocrx_word' id='word_1_812' title='bbox 1352 4695 1503 4754; x_wconf 78' lang='lat' dir='ltr'><strong>Christum?</strong></span> <span class='ocrx_word' id='word_1_813' title='bbox 1514 4698 1652 4770; x_wconf 83' lang='lat' dir='ltr'><strong>Nunquam</strong></span> <span class='ocrx_word' id='word_1_814' title='bbox 1665 4701 1716 4759; x_wconf 92' lang='lat' dir='ltr'><strong>hoc</strong></span> <span class='ocrx_word' id='word_1_815' title='bbox 1729 4701 1848 4759; x_wconf 86' lang='lat' dir='ltr'><strong>iecerunt</strong></span> <span class='ocrx_word' id='word_1_816' title='bbox 1859 4722 1866 4759; x_wconf 91' lang='lat'>:</span> 
     </span>
     <span class='ocr_line' id='line_1_94' title="bbox 1085 4785 1868 4863; baseline 0.008 -22"><span class='ocrx_word' id='word_1_817' title='bbox 1085 4786 1132 4841; x_wconf 92' lang='lat' dir='ltr'><strong>scd</strong></span> <span class='ocrx_word' id='word_1_818' title='bbox 1150 4786 1238 4857; x_wconf 91' lang='lat' dir='ltr'><strong>potins</strong></span> <span class='ocrx_word' id='word_1_819' title='bbox 1255 4785 1289 4841; x_wconf 93' lang='lat' dir='ltr'><strong>dc</strong></span> <span class='ocrx_word' id='word_1_820' title='bbox 1301 4785 1416 4852; x_wconf 83' lang='lat' dir='ltr'><strong>Christo,</strong></span> <span class='ocrx_word' id='word_1_821' title='bbox 1430 4788 1505 4860; x_wconf 83' lang='lat' dir='ltr'><strong>cujus</strong></span> <span class='ocrx_word' id='word_1_822' title='bbox 1514 4789 1569 4860; x_wconf 82' lang='lat' dir='ltr'><strong>jam</strong></span> <span class='ocrx_word' id='word_1_823' title='bbox 1585 4805 1680 4847; x_wconf 91' lang='lat' dir='ltr'><strong>nomen</strong></span> <span class='ocrx_word' id='word_1_824' title='bbox 1697 4792 1795 4863; x_wconf 89' lang='lat' dir='ltr'><strong>ubique</strong></span> <span class='ocrx_word' id='word_1_825' title='bbox 1808 4793 1868 4848; x_wconf 86' lang='lat' dir='ltr'><strong>dul·-</strong></span> 
     </span>
     <span class='ocr_line' id='line_1_95' title="bbox 1085 4880 1870 4955; baseline 0.008 -21"><span class='ocrx_word' id='word_1_826' title='bbox 1085 4880 1151 4935; x_wconf 89' lang='lat' dir='ltr'><strong>citcr</strong></span> <span class='ocrx_word' id='word_1_827' title='bbox 1171 4880 1272 4936; x_wconf 88' lang='lat' dir='ltr'><strong>clarum</strong></span> <span class='ocrx_word' id='word_1_828' title='bbox 1291 4889 1345 4948; x_wconf 88' lang='lat' dir='ltr'><strong>est,</strong></span> <span class='ocrx_word' id='word_1_829' title='bbox 1361 4881 1533 4939; x_wconf 84' lang='lat' dir='ltr'><strong>lianiehenm</strong></span> <span class='ocrx_word' id='word_1_830' title='bbox 1556 4898 1663 4955; x_wconf 87' lang='lat' dir='ltr'><strong>semper</strong></span> <span class='ocrx_word' id='word_1_831' title='bbox 1682 4884 1870 4952; x_wconf 87' lang='lat' dir='ltr'><strong>commendare</strong></span> 
     </span>
     <span class='ocr_line' id='line_1_96' title="bbox 1086 4971 1870 5052; baseline 0.011 -27"><span class='ocrx_word' id='word_1_832' title='bbox 1086 4971 1173 5026; x_wconf 92' lang='lat' dir='ltr'><strong>conati</strong></span> <span class='ocrx_word' id='word_1_833' title='bbox 1193 4978 1271 5040; x_wconf 91' lang='lat' dir='ltr'><strong>sunt,</strong></span> <span class='ocrx_word' id='word_1_834' title='bbox 1284 4981 1314 5026; x_wconf 92' lang='lat' dir='ltr'><strong>ut</strong></span> <span class='ocrx_word' id='word_1_835' title='bbox 1326 4971 1377 5028; x_wconf 89' lang='lat' dir='ltr'><strong>hoc</strong></span> <span class='ocrx_word' id='word_1_836' title='bbox 1390 4973 1471 5029; x_wconf 88' lang='lat' dir='ltr'><strong>melle</strong></span> <span class='ocrx_word' id='word_1_837' title='bbox 1482 4973 1582 5030; x_wconf 90' lang='lat' dir='ltr'><strong>seilicet</strong></span> <span class='ocrx_word' id='word_1_838' title='bbox 1593 4977 1714 5032; x_wconf 83' lang='lat' dir='ltr'><strong>venenati</strong></span> <span class='ocrx_word' id='word_1_839' title='bbox 1728 4977 1769 5033; x_wconf 91' lang='lat' dir='ltr'><strong>sui</strong></span> <span class='ocrx_word' id='word_1_840' title='bbox 1783 4978 1870 5052; x_wconf 82' lang='lat' dir='ltr'><strong>poculi</strong></span> 
     </span>
     <span class='ocr_line' id='line_1_97' title="bbox 1086 5061 1871 5138; baseline 0.006 -21"><span class='ocrx_word' id='word_1_841' title='bbox 1086 5062 1159 5117; x_wconf 89' lang='lat' dir='ltr'><strong>labra</strong></span> <span class='ocrx_word' id='word_1_842' title='bbox 1182 5071 1368 5134; x_wconf 72' lang='lat' dir='ltr'><strong>perungerent.</strong></span> <span class='ocrx_word' id='word_1_843' title='bbox 1392 5063 1458 5119; x_wconf 90' lang='lat' dir='ltr'><strong>Cum</strong></span> <span class='ocrx_word' id='word_1_844' title='bbox 1481 5065 1551 5120; x_wconf 90' lang='lat' dir='ltr'><strong>enim</strong></span> <span class='ocrx_word' id='word_1_845' title='bbox 1573 5064 1696 5122; x_wconf 82' lang='lat' dir='ltr'><strong>Christus</strong></span> <span class='ocrx_word' id='word_1_846' title='bbox 1720 5061 1871 5138; x_wconf 81' lang='lat' dir='ltr'><strong>promiserit</strong></span> 
     </span>
     <span class='ocr_line' id='line_1_98' title="bbox 1086 5152 1871 5224; baseline 0.006 -16"><span class='ocrx_word' id='word_1_847' title='bbox 1086 5152 1160 5219; x_wconf 90' lang='lat' dir='ltr'><strong>sois,</strong></span> <span class='ocrx_word' id='word_1_848' title='bbox 1176 5153 1316 5210; x_wconf 86' lang='lat' dir='ltr'><strong>missurum</strong></span> <span class='ocrx_word' id='word_1_849' title='bbox 1331 5167 1360 5210; x_wconf 93' lang='lat' dir='ltr'><strong>sc</strong></span> <span class='ocrx_word' id='word_1_850' title='bbox 1373 5154 1554 5224; x_wconf 89' lang='lat' dir='ltr'><strong>Paracletum,</strong></span> <span class='ocrx_word' id='word_1_851' title='bbox 1568 5155 1663 5224; x_wconf 87' lang='lat' dir='ltr'><strong>idest,</strong></span> <span class='ocrx_word' id='word_1_852' title='bbox 1677 5157 1871 5213; x_wconf 88' lang='lat' dir='ltr'><strong>consolatorem</strong></span> 
     </span>
     <span class='ocr_line' id='line_1_99' title="bbox 1090 5243 1871 5320; baseline 0.012 -23"><span class='ocrx_word' id='word_1_853' title='bbox 1090 5243 1130 5299; x_wconf 84' lang='lat' dir='ltr'><strong>ecl</strong></span> <span class='ocrx_word' id='word_1_854' title='bbox 1150 5243 1322 5311; x_wconf 84' lang='lat' dir='ltr'><strong>advocatum,</strong></span> <span class='ocrx_word' id='word_1_855' title='bbox 1346 5244 1473 5318; x_wconf 87' lang='lat' dir='ltr'><strong>Spiritum</strong></span> <span class='ocrx_word' id='word_1_856' title='bbox 1487 5246 1605 5304; x_wconf 88' lang='lat' dir='ltr'><strong>veritatis</strong></span> <span class='ocrx_word' id='word_1_857' title='bbox 1625 5246 1716 5319; x_wconf 77' lang='lat' dir='ltr'><strong>(lona.</strong></span> <span class='ocrx_word' id='word_1_858' title='bbox 1738 5265 1792 5317; x_wconf 82' lang='grc' dir='ltr'>ιιι,</span> <span class='ocrx_word' id='word_1_859' title='bbox 1807 5248 1871 5320; x_wconf 73' lang='lat' dir='ltr'><strong>teir</strong></span> 
     </span>
     <span class='ocr_line' id='line_1_100' title="bbox 1088 5333 1873 5408; baseline 0.008 -19"><span class='ocrx_word' id='word_1_860' title='bbox 1088 5350 1136 5408; x_wconf 90' lang='lat' dir='ltr'><strong>per</strong></span> <span class='ocrx_word' id='word_1_861' title='bbox 1149 5333 1218 5405; x_wconf 88' lang='lat' dir='ltr'><strong>hanc</strong></span> <span class='ocrx_word' id='word_1_862' title='bbox 1232 5337 1414 5405; x_wconf 86' lang='lat' dir='ltr'><strong>promissionis</strong></span> <span class='ocrx_word' id='word_1_863' title='bbox 1425 5336 1607 5404; x_wconf 86' lang='lat' dir='ltr'><strong>occasionem,</strong></span> <span class='ocrx_word' id='word_1_864' title='bbox 1623 5338 1694 5395; x_wconf 93' lang='lat' dir='ltr'><strong>hune</strong></span> <span class='ocrx_word' id='word_1_865' title='bbox 1708 5339 1873 5395; x_wconf 88' lang='lat' dir='ltr'><strong>Paracletum</strong></span> 
     </span>
     <span class='ocr_line' id='line_1_101' title="bbox 1089 5426 1875 5496; baseline 0.006 -14"><span class='ocrx_word' id='word_1_866' title='bbox 1089 5426 1207 5483; x_wconf 86' lang='lat' dir='ltr'><strong>dicentes</strong></span> <span class='ocrx_word' id='word_1_867' title='bbox 1218 5441 1278 5484; x_wconf 88' lang='lat' dir='ltr'><strong>esse</strong></span> <span class='ocrx_word' id='word_1_868' title='bbox 1291 5426 1480 5494; x_wconf 78' lang='lat' dir='ltr'><strong>llanlehacunr,</strong></span> <span class='ocrx_word' id='word_1_869' title='bbox 1495 5427 1536 5485; x_wconf 93' lang='lat' dir='ltr'><strong>vei</strong></span> <span class='ocrx_word' id='word_1_870' title='bbox 1557 5430 1584 5484; x_wconf 94' lang='lat' dir='ltr'><strong>in</strong></span> <span class='ocrx_word' id='word_1_871' title='bbox 1605 5428 1766 5496; x_wconf 83' lang='lat' dir='ltr'><strong>hianiclueo,</strong></span> <span class='ocrx_word' id='word_1_872' title='bbox 1779 5430 1875 5487; x_wconf 88' lang='lat' dir='ltr'><strong>subre-</strong></span> 
     </span>
     <span class='ocr_line' id='line_1_102' title="bbox 1089 5501 1876 5592; baseline 0.005 -20"><span class='ocrx_word' id='word_1_873' title='bbox 1089 5525 1157 5590; x_wconf 91' lang='lat' dir='ltr'><strong>pnnt</strong></span> <span class='ocrx_word' id='word_1_874' title='bbox 1177 5517 1204 5572; x_wconf 94' lang='lat' dir='ltr'><strong>in</strong></span> <span class='ocrx_word' id='word_1_875' title='bbox 1225 5517 1361 5574; x_wconf 91' lang='lat' dir='ltr'><strong>hominum</strong></span> <span class='ocrx_word' id='word_1_876' title='bbox 1382 5501 1485 5575; x_wconf 83' lang='lat' dir='ltr'><strong>mentes</strong></span> <span class='ocrx_word' id='word_1_877' title='bbox 1502 5519 1653 5592; x_wconf 73' lang='lat' dir='ltr'><strong>ignorantes</strong></span> <span class='ocrx_word' id='word_1_878' title='bbox 1672 5520 1717 5576; x_wconf 91' lang='lat' dir='ltr'><strong>iile</strong></span> <span class='ocrx_word' id='word_1_879' title='bbox 1734 5535 1749 5574; x_wconf 88' lang='lat' dir='ltr'><strong>a</strong></span> <span class='ocrx_word' id='word_1_880' title='bbox 1769 5519 1876 5576; x_wconf 76' lang='lat' dir='ltr'><strong>Christo</strong></span> 
     </span>
     <span class='ocr_line' id='line_1_103' title="bbox 1091 5608 1875 5682; baseline 0.004 -18"><span class='ocrx_word' id='word_1_881' title='bbox 1091 5608 1236 5681; x_wconf 88' lang='lat' dir='ltr'><strong>promissus</strong></span> <span class='ocrx_word' id='word_1_882' title='bbox 1250 5610 1355 5680; x_wconf 92' lang='lat' dir='ltr'><strong>qnando</strong></span> <span class='ocrx_word' id='word_1_883' title='bbox 1368 5608 1403 5665; x_wconf 87' lang='lat' dir='ltr'><strong>sit</strong></span> <span class='ocrx_word' id='word_1_884' title='bbox 1412 5608 1519 5665; x_wconf 83' lang='lat' dir='ltr'><strong>missus.</strong></span> <span class='ocrx_word' id='word_1_885' title='bbox 1533 5609 1581 5676; x_wconf 78' lang='lat' dir='ltr'><strong>Qui</strong></span> <span class='ocrx_word' id='word_1_886' title='bbox 1595 5618 1682 5665; x_wconf 93' lang='lat' dir='ltr'><strong>antem</strong></span> <span class='ocrx_word' id='word_1_887' title='bbox 1697 5611 1818 5682; x_wconf 78' lang='lat' dir='ltr'><strong>legerunt</strong></span> <span class='ocrx_word' id='word_1_888' title='bbox 1830 5627 1875 5666; x_wconf 77' lang='lat' dir='ltr'><strong>m·</strong></span> 
     </span>
     <span class='ocr_line' id='line_1_104' title="bbox 1092 5698 1878 5773; baseline 0 -15"><span class='ocrx_word' id='word_1_889' title='bbox 1092 5700 1215 5759; x_wconf 80' lang='lat' dir='ltr'><strong>conicum</strong></span> <span class='ocrx_word' id='word_1_890' title='bbox 1229 5700 1340 5771; x_wconf 89' lang='lat' dir='ltr'><strong>librum,</strong></span> <span class='ocrx_word' id='word_1_891' title='bbox 1355 5698 1400 5772; x_wconf 89' lang='lat' dir='ltr'><strong>qui</strong></span> <span class='ocrx_word' id='word_1_892' title='bbox 1414 5698 1496 5756; x_wconf 83' lang='lat' dir='ltr'><strong>hctus</strong></span> <span class='ocrx_word' id='word_1_893' title='bbox 1510 5699 1695 5771; x_wconf 73' lang='lat' dir='ltr'><strong>Apostolorum</strong></span> <span class='ocrx_word' id='word_1_894' title='bbox 1714 5700 1878 5773; x_wconf 85' lang='lat' dir='ltr'><strong>inscrilvitnr,</strong></span> 
     </span>
    </p>
   </div>
   <div class='ocr_carea' id='block_1_11' title="bbox 0 0 2006 6356">
    <p class='ocr_par' dir='ltr' id='par_1_13' title="bbox 0 0 2006 6356">
     <span class='ocr_line' id='line_1_105' title="bbox 0 0 2006 6356; baseline 0 0"><span class='ocrx_word' id='word_1_895' title='bbox 0 0 2006 6356; x_wconf 95' lang='lat' dir='ltr'><strong> </strong></span> 
     </span>
    </p>
   </div>
  </div>
 </body>
</html>
