3938 6360
238 260 314 317 uiti,

235 379 272 433 iin
286 375 457 433 deserviebant
471 376 504 442 ei,
520 374 620 429 adanu
644 372 726 427 millio
748 370 963 426 denum‘ntiliiurn
983 387 1029 427 ut-

236 471 357 525 iistebuni
374 469 407 525 ei.
432 467 467 522 m
491 467 620 537 judicium
644 465 792 531 collocarit,
817 472 840 520 ei
866 463 924 519 libri
949 465 1031 535 uper-ti

236 571 306 630 tttni,
328 570 381 618 eiu.
396 561 430 616 Et
451 561 530 632 paulu
551 568 629 630 post:
647 558 815 628 dspicicbum,
832 556 928 628 inquit,
946 556 972 610 in
991 556 1031 610 ui·

236 638 307 710 done
321 654 426 708 noctis:
444 661 468 706 et
486 665 542 706 ecce
563 667 619 704 curn
642 650 698 705 coeii
717 649 833 714 aubibus,
854 650 926 719 quasi
946 645 1030 701 Filius

236 745 346 831 bannitis
356 744 457 799 aeniem
471 750 536 809 erui,
550 752 573 796 ct
587 758 664 811 usque
681 741 714 794 nd
731 739 844 794 Veterem
857 738 956 794 dierut'u
971 756 1031 809 per·

236 835 313 903 venit,
327 844 350 889 ei
364 834 463 889 silanis
477 841 514 888 eti
531 833 564 888 ei.
584 831 617 887 Et
632 833 682 904 ipsi
694 834 768 886 dutus
780 841 816 885 est
835 831 994 903 prinicipuius
1009 842 1032 885 ei

239 926 321 981 bonor
340 936 364 980 et
382 941 507 996 repuumg
526 935 550 979 et
570 941 655 981 ontnea
675 925 772 995 populi,
789 924 877 991 tribua,
892 931 915 977 et
939 923 1033 996 iinpute

239 1018 289 1089 ipsi
308 1019 426 1073 servient.
451 1015 567 1070 Potestne
582 1017 647 1088 ejus,
664 1025 774 1085 potestus
790 1025 895 1082 uterino,
913 1029 970 1084 qnos
982 1031 1033 1070 non

239 1108 385 1178 praeteribit,
395 1116 418 1160 ei
433 1122 538 1177 vepnutn
553 1107 607 1177 ejus
618 1122 668 1160 nou
682 1105 872 1174 corrumpetur¹
890 1103 969 1178 (Dan.
987 1121 1032 1171 uti,

244 1197 332 1270 stt).
345 1199 413 1253 Ecce
436 1198 515 1253 Pater
527 1197 604 1263 dans,
625 1205 652 1251 et
670 1195 753 1251 Filius
770 1196 902 1265 accipiens
923 1210 1033 1267 regnum

241 1291 445 1361 sempiternum,
463 1298 493 1345 et
514 1298 576 1344 sont
596 1288 675 1342 ambo
698 1287 724 1341 in
748 1295 892 1356 conspectu
917 1284 1034 1356 prophe·

239 1380 323 1436 tantis
345 1381 442 1435 visibili
466 1379 565 1449 specie.
587 1378 646 1433 Non
663 1393 727 1448 ergo
742 1377 959 1432 inconvenienter
972 1390 1034 1432 cre·

240 1469 312 1527 ditur
327 1472 406 1527 ctiam
432 1471 510 1526 l‘nter
537 1471 608 1526 [leus
631 1485 664 1525 co
688 1469 767 1525 modo
794 1469 883 1526 solere
904 1484 1034 1540 apparere

241 1561 410 1618 monialibus.

275 1651 320 1708 st.
341 1652 396 1708 Nisi
409 1650 478 1707 lorte
491 1652 587 1723 aliquis
606 1651 708 1715 dicci¹,
721 1651 781 1707 idco
801 1666 853 1706 non
866 1666 926 1707 esse
941 1651 1029 1708 visibi-

239 1743 294 1800 lem
308 1744 425 1809 Patrem,
442 1744 503 1813 qnia
518 1744 544 1798 in
558 1752 702 1812 conspeetu
722 1742 880 1798 somniantis
891 1743 1032 1814 apparuit;

239 1835 302 1892 idco
321 1844 411 1890 auium
431 1832 528 1889 Filium
550 1833 681 1890 risibilem
702 1841 731 1888 et
751 1828 879 1904 Spiritum
901 1842 1032 1904 sanctum,

239 1926 302 1996 quia
326 1925 431 1996 lloyses
456 1925 500 1980 illa
521 1927 610 1979 omnia
634 1925 747 1995 vigilans
761 1925 836 1981 vidit.
862 1923 943 1993 Quasi
969 1941 1034 1982 vcro

239 2015 358 2073 Verbum
370 2024 399 2071 et
414 2014 575 2085 Sapientiam
596 2015 642 2070 liei
657 2015 753 2071 viderit
765 2015 869 2086 Moyses
882 2016 1033 2072 carnalibus

239 2109 335 2175 oculis,
350 2116 396 2163 aui
421 2107 504 2163 videri
529 2108 639 2178 spiritns
660 2107 703 2163 vel
726 2107 858 2163 humanos
882 2109 967 2179 possit
987 2110 1031 2180 qui

239 2215 347 2256 carnem
362 2200 441 2255 istam
454 2199 582 2263 virilicai,
597 2200 637 2256 tel
653 2201 708 2270 ipse
722 2215 866 2270 conparens
878 2201 923 2273 qui
938 2211 1033 2257 ventris

240 2290 356 2358 dicitur;
372 2300 473 2362 quomo
489 2289 577 2345 ntinus
600 2289 644 2344 ille
665 2289 780 2361 Spiritus
796 2292 841 2346 liei
854 2292 898 2362 qui
913 2292 1032 2347 oninium

241 2381 378 2438 bominum
391 2390 419 2438 et
431 2381 594 2452 Angelorum
617 2389 720 2437 virentes
735 2381 860 2438 ineffabili
873 2383 1031 2438 excellentia

237 2473 337 2529 divinae
356 2473 513 2530 substantiae
535 2474 757 2545 supergreditur?
771 2484 816 2529 atti
830 2475 970 2546 quisquam
986 2476 1031 2530 tali

239 2564 421 2634 praecipitetur
433 2579 535 2629 errore,
551 2572 580 2619 ui
594 2565 691 2620 nudent
702 2564 793 2621 dicere
816 2564 912 2621 Filium
928 2575 954 2621 ct
969 2565 1031 2635 Spi-

237 2657 318 2714 ritum
332 2666 454 2712 sanctum
468 2656 548 2712 eiiam
564 2656 733 2727 vigilantibus
747 2656 902 2711 hominibus
915 2672 974 2713 esse
992 2657 1031 2712 ri·

237 2746 354 2812 sibilum,
375 2747 481 2802 Patrem
505 2756 592 2801 autem
609 2747 712 2801 nonnisi
735 2746 1031 2815 sonnnianlibuleno·

238 2838 320 2897 modo
333 2855 397 2910 ergo
410 2839 445 2895 de
457 2839 536 2895 l’nire
549 2841 606 2895 solo
620 2839 763 2909 accipiunt,
786 2838 866 2905 Quem
891 2856 963 2895 nano
985 2840 1032 2895 bo·

238 2931 427 3000 utinumuidii,
448 2931 596 2986 reccidere
619 2932 720 3002 potest?
744 2931 786 2986 Au
810 2947 870 2990 cum
895 2933 1031 2990 dormiunt

237 3021 371 3089 homines,
387 3031 450 3078 tnnc
473 3037 525 3078 non
550 3034 611 3078 soni
632 3023 777 3079 bomincs?
790 3025 843 3079 Aoi
855 3026 900 3096 qui
916 3025 1030 3084 iormarc

236 3116 437 3173 similitudinem
450 3115 571 3187 corporis
585 3125 672 3186 potest
683 3115 716 3170 ad
727 3131 756 3171 se
767 3117 967 3188 significandum
982 3135 1029 3190 per

235 3206 292 3264 visa
307 3206 508 3274 somniantium,
524 3221 577 3261 non
599 3215 687 3277 potest
702 3205 817 3263 lormare
833 3209 917 3278 ipsam
931 3224 1028 3281 corpo·

234 3314 309 3356 ream
322 3308 472 3355 creaturam
493 3298 525 3354 ad
539 3313 569 3354 sc
589 3297 793 3370 significandum
814 3300 902 3356 oculis
915 3301 1029 3372 vigilan-

233 3393 320 3449 tium?
344 3406 405 3447 com
420 3391 479 3460 ejus
501 3390 559 3461 ipsa
582 3390 730 3446 substantia
746 3406 797 3460 qua
813 3401 854 3447 esi
878 3392 935 3462 ipse
955 3393 1028 3463 qinod

233 3491 285 3549 esi,
304 3483 377 3539 nulla
388 3483 510 3553 corporis
528 3481 703 3539 similitudine
716 3482 870 3548 dormienti,
885 3485 955 3538 nulla
968 3500 1028 3540 cor·

234 3588 316 3645 porea
328 3573 418 3644 specie
432 3572 550 3643 vigilanti
561 3572 645 3642 possit
657 3570 760 3627 ostendi
775 3588 782 3624 :
797 3570 844 3626 scd
860 3587 912 3628 non
924 3574 1027 3629 solum⁸

233 3665 336 3732 Patris,
362 3679 454 3720 verum
485 3663 566 3719 etiarn
594 3661 653 3718 l'ilii
677 3674 705 3718 et
727 3660 843 3734 Spiritus
867 3663 963 3720 sancti.
990 3667 1026 3723 Et

264 3799 275 3832 ¹
291 3796 434 3907 edidfflrd
444 3799 678 3861 narcomumpeiur.
690 3792 772 3855 sumt
791 3792 865 3856 qnod,
876 3806 891 3845 a
901 3801 956 3847 ltus.
969 3804 995 3849 et
1011 3811 1028 3851 a

231 3871 348 3912 versione
415 3891 422 3906 .

264 3922 276 3954 ⁸
291 3924 328 3968 ur.
340 3918 484 3982 inguim.
498 3922 524 3968 et
534 3922 600 3977 lav..
612 3913 664 3969 niti
673 3913 832 3983 seruaturus
842 3915 917 3970 dieu.
948 3925 978 3972 li.

264 3981 277 4019 ⁸
291 3988 352 4031 tres
358 3987 424 4042 tiss,
434 3986 458 4031 ei
468 3992 514 4030 non
524 3977 609 4030 solun.

799 254 843 313 DE
862 251 1058 324 intulistis,
1077 259 1112 317 S.·
1127 257 1313 319 aucusitrll

1823 273 1878 331 uas

1085 384 1158 430 uerte
1182 376 1226 446 qul
1248 376 1410 447 vigilantium
1437 379 1500 434 risis
1523 389 1674 445 mouentur,
1691 391 1720 437 ut
1746 399 1800 440 nnn
1828 387 1880 441 Pa·

1085 472 1166 533 trem,
1182 466 1229 522 sed
1247 476 1349 524 tantum
1371 467 1466 525 Filium
1479 470 1520 525 vel
1540 470 1668 542 Spiritum
1685 484 1806 531 sanctum
1821 493 1882 534 crc-

1085 553 1151 611 dant
1161 558 1344 627 corporalibus
1358 559 1494 616 bominum
1509 565 1664 632 apparuisse
1674 568 1878 636 conspectibus;

1085 652 1115 700 ot
1128 648 1248 703 omittam
1273 656 1372 704 taniam
1400 649 1566 708 latitudinem
1590 664 1741 710 sanctarum
1770 658 1882 729 pagina·

1085 753 1155 802 mm,
1172 748 1199 793 ci
1212 749 1265 795 iam
1281 741 1454 812 multiplicem
1469 758 1562 799 earum
1578 745 1792 816 intelligentiam,
1809 750 1883 808 nude

1085 842 1165 882 nenno
1185 830 1242 883 sani
1264 831 1358 900 capitis
1371 830 1507 888 aiilrmare
1530 833 1621 904 debet,
1641 852 1772 908 nusquam
1786 855 1880 910 perso·

1086 934 1147 973 nam
1171 919 1257 976 Patris
1281 936 1328 990 per
1350 923 1465 992 aliquam
1486 925 1603 995 speciem
1628 928 1795 997 corporalem
1813 930 1883 1001 vigi·

1086 1009 1197 1064 lentium
1220 1012 1304 1066 oculis
1325 1011 1555 1069 demonstratam:
1570 1015 1617 1070 sed
1641 1026 1669 1070 ot
1685 1016 1746 1084 boc,
1763 1027 1792 1073 ot
1814 1021 1882 1087 dixi,

1086 1100 1224 1167 omittam;
1238 1102 1301 1172 ninid
1316 1103 1408 1158 dicuni
1421 1103 1454 1158 de
1466 1104 1545 1160 Patro
1566 1116 1658 1162 nostro
1678 1108 1824 1177 Abrabam,
1838 1113 1882 1167 cni

1086 1200 1158 1246 cerie
1169 1192 1288 1262 vigilanti
1301 1201 1328 1247 et
1350 1194 1522 1257 ministranti,
1535 1210 1596 1250 cum
1611 1180 1750 1268 Scriptura
1772 1202 1881 1271 prumi-

1086 1281 1165 1336 sisset
1184 1281 1286 1347 dicens,
1306 1280 1379 1337 Virus
1396 1293 1434 1337 eat
1458 1282 1583 1339 Dantinue
1600 1286 1718 1354 Abrninoe,
1738 1305 1790 1342 non
1811 1305 1881 1346 unns

1086 1378 1132 1427 aut
1152 1371 1215 1439 duo,
1231 1372 1278 1427 sed
1300 1382 1354 1428 ires
1373 1385 1553 1444 apparuerunt
1575 1377 1639 1441 viri,
1659 1393 1772 1447 quorum
1792 1380 1881 1434 nullus

1086 1463 1217 1518 excelsius
1240 1463 1300 1519 aliis
1325 1464 1470 1520 eminuisse
1492 1466 1580 1520 dictos
1603 1477 1660 1535 cst,
1686 1469 1773 1523 nullus
1790 1469 1881 1533 ,bono-

1085 1552 1169 1608 ratius
1192 1552 1340 1620 effulsisse,
1374 1555 1465 1611 nullos
1496 1556 1664 1627 imperiosius
1688 1559 1776 1629 egisse
1802 1559 1879 1627 (Gen.

1087 1658 1166 1708 uun,
1182 1644 1209 1715 l)
1224 1644 1236 1698 l

1120 1736 1166 1791 55.
1187 1736 1370 1807 Quapropter,
1385 1737 1509 1808 quoniam
1531 1739 1618 1794 inilia
1638 1740 1766 1811 tripartita
1787 1753 1877 1799 nostra

1085 1825 1273 1882 distributione
1297 1828 1410 1896 primum
1434 1844 1555 1899 quarere
1579 1830 1742 1887 instituimus
1765 1832 1879 1905 (Supra,

1086 1932 1143 1988 cup.
1159 1917 1204 1989 i),
1218 1926 1307 1974 uirum
1323 1919 1410 1985 Pater,
1426 1936 1460 1976 an
1472 1920 1567 1987 Filios,
1580 1938 1613 1977 an
1626 1923 1742 1994 Spiritus
1755 1937 1878 1995 sattetus;

1085 2023 1119 2063 an
1131 2008 1273 2081 aliquando
1286 2008 1536 2081 Pater,'aliqoando
1550 2011 1648 2079 Filius,
1664 2015 1807 2085 aliquando
1818 2018 1880 2087 Spi-

1085 2100 1153 2156 ritus
1167 2113 1291 2168 snnctus;
1307 2118 1341 2157 an
1356 2103 1414 2158 sine
1429 2103 1482 2158 olla
1501 2104 1673 2161 distinctione
1692 2122 1877 2178 personarum,

1085 2191 1154 2248 sicot
1166 2184 1272 2260 dicitur,
1287 2194 1358 2250 [icus
1371 2210 1440 2250 unus
1452 2206 1478 2251 et
1491 2197 1579 2263 solus;
1594 2197 1618 2252 id
1630 2207 1671 2253 cst
1684 2199 1799 2257 Trinitas
1811 2202 1878 2273 ipsa,

1086 2299 1134 2354 per
1147 2284 1205 2340 illas
1219 2295 1348 2341 creatura
1361 2286 1460 2342 iorntas
1473 2288 1595 2344 Patribus
1608 2293 1760 2360 apparuerit
1774 2311 1782 2349 ι
1795 2295 1880 2351 inter·

1084 2377 1257 2448 rugatisque
1272 2380 1406 2448 potuimus
1416 2381 1438 2450 ¹,
1452 2391 1578 2452 quantum
1592 2385 1714 2440 sollicete
1727 2387 1812 2443 visum
1827 2398 1878 2455 esi,

1084 2479 1235 2526 sanctarum
1254 2470 1451 2543 Scripinrarmn
1471 2473 1552 2542 locis,
1569 2474 1633 2531 nibil
1647 2477 1735 2544 allud,
1751 2491 1879 2550 quantum

1084 2559 1217 2626 existimo,
1230 2560 1380 2618 divinornm
1391 2573 1616 2621 sacramentorum
1629 2567 1749 2625 modesta
1762 2581 1789 2626 et
1801 2583 1879 2630 cauta

1083 2650 1262 2706 consideratio
1284 2652 1440 2723 persuadet,
1461 2655 1513 2710 nisi
1533 2665 1562 2711 ut
1578 2663 1680 2714 temere
1693 2674 1746 2714 non
1759 2659 1880 2720 dicamus

1083 2738 1206 2814 qttaenam
1217 2759 1251 2800 ex
1260 2742 1391 2800 Trinitaie
1403 2740 1516 2817 persona
1527 2748 1636 2805 collibet
1646 2750 1754 2806 Patrum
1765 2753 1806 2808 vel
1818 2753 1880 2810 Pro-

1083 2834 1224 2906 phetarum
1237 2836 1264 2891 in
1277 2835 1367 2907 aliquo
1380 2851 1494 2907 corproro
1513 2839 1555 2893 vol
1572 2840 1745 2897 similitudine
1757 2844 1887 2914 corporis·

1082 2925 1253 2996 apparuerit,
1265 2927 1316 2981 nisi
1328 2942 1389 2983 cum
1402 2929 1566 2984 continentia
1580 2929 1702 2988 lectionis
1717 2932 1805 3005 aliqua
1817 2952 1880 3006 pro-

1082 3018 1180 3076 habilia
1201 3021 1379 3090 circumponit
1400 3021 1507 3078 indicia.
1530 3021 1589 3094 lpsa
1610 3025 1681 3080 enirn
1706 3036 1818 3097 natura,
1835 3030 1878 3093 vel

1082 3108 1240 3177 substantia,
1257 3112 1300 3168 vel
1313 3113 1441 3181 essentia,
1456 3114 1498 3169 vel
1512 3114 1632 3185 qtrolilnci
1645 3116 1697 3172 alio
1709 3119 1818 3174 nomine
1831 3135 1879 3190 ap·

1082 3203 1233 3276 pellandum
1249 3213 1290 3261 est
1305 3204 1418 3275 idipsum
1432 3206 1502 3278 qnod
1518 3206 1588 3263 Deris
1601 3216 1642 3263 esi
1652 3249 1660 3274 ,
1672 3208 1800 3281 quidquid
1813 3210 1877 3267 illud

1081 3288 1137 3362 est,
1152 3289 1327 3364 corporaliter
1348 3290 1431 3349 videri
1454 3310 1509 3351 nun
1533 3303 1642 3366 potest:
1661 3313 1709 3369 per
1729 3295 1877 3371 subjectum

1083 3400 1145 3441 vero
1157 3393 1317 3453 creaturam,
1334 3399 1386 3440 non
1400 3385 1486 3440 solum
1498 3386 1606 3450 Filium,
1621 3389 1662 3444 vel
1674 3389 1801 3460 Spiritnnt
1815 3406 1877 3447 san·

1081 3484 1170 3546 etum,
1185 3476 1233 3533 sed
1247 3475 1328 3534 etium
1340 3477 1445 3533 Patrem
1459 3479 1591 3549 corporali
1604 3479 1694 3550 specie
1706 3479 1763 3536 sive
1779 3482 1876 3538 simili·

1082 3568 1173 3624 tudine
1194 3567 1351 3624 mortalibus
1370 3567 1493 3623 sensibus
1512 3566 1731 3640 sipniilcationem
1751 3570 1792 3626 sui
1811 3571 1876 3629 dare

1081 3661 1199 3732 poluisse
1210 3660 1373 3717 credendum
1386 3669 1436 3716 cst.
1449 3658 1514 3730 Qua}
1528 3676 1589 3717 com
1603 3661 1638 3717 lia
1651 3661 1719 3731 sint,
1734 3678 1769 3720 ne
1780 3664 1876 3720 inimo·

1080 3752 1198 3810 deratios
1213 3752 1398 3824 progrediatur
1409 3752 1518 3808 secundi
1539 3752 1618 3824 liujus
1636 3753 1778 3811 vulunrinis
1791 3755 1874 3828 longl-

1080 3843 1155 3911 tudo‚
1169 3859 1200 3900 ea
1213 3860 1273 3915 quae
1284 3835 1398 3914 restani,
1414 3843 1440 3900 in
1454 3843 1678 3916 consequentibus
1690 3846 1837 3903 videamus.

1111 3982 1122 4015 ¹
1138 3986 1193 4031 tiss.
1204 3978 1343 4042 duodecim,
1356 3976 1555 4045 ituerropatisqrne
1565 3984 1636 4046 praui
1646 3979 1775 4046 mutianus.

740 4172 982 4283 LIBER
1024 4175 1382 4286 TERTIUS.

260 4366 288 4409 tn
298 4371 347 4422 quo
357 4358 483 4422 multoe,
494 4369 525 4406 an
535 4356 560 4406 iu
571 4354 620 4405 illis
633 4355 666 4406 de
676 4355 765 4419 quibus
773 4359 900 4418 superiore
912 4359 975 4410 libro
985 4360 1075 4412 dicimo
1086 4368 1134 4422 est,
1146 4363 1189 4412 uei
1201 4360 1405 4423 apparitionibus,
1417 4373 1463 4423 per
1473 4373 1603 4424 corporeas
1615 4363 1713 4424 species
1731 4361 1808 4424 botis,
1820 4369 1873 4414 iau-

229 4419 354 4471 tumntodo
371 4425 483 4469 creatura
499 4416 598 4489 iornvaia
609 4418 654 4478 sit,
667 4417 690 4467 ln
701 4430 748 4481 qun
761 4425 826 4468 unns
835 4420 897 4468 sium
908 4427 965 4470 tune
976 4426 1114 4486 oportuisse
1127 4423 1251 4487 judicavit,
1264 4422 1375 4472 humanis
1393 4421 1565 4474 ostenderetur
1574 4424 1729 4486 aspectiuos3
1747 4437 1779 4474 uu
1787 4422 1873 4487 auguli

228 4481 272 4545 qul
281 4480 332 4542 jam
343 4487 415 4528 antea
426 4485 496 4528 erant
507 4479 540 4528 lta
550 4482 716 4537 mittelantur,
727 4485 754 4528 nt
763 4492 794 4528 ex
808 4491 912 4542 persona
924 4482 966 4530 uei
977 4481 1144 4546 immorentur,
1163 4490 1317 4534 assumentes
1331 4483 1482 4546 corporalem
1491 4486 1600 4546 speciem
1611 4484 1644 4534 de
1662 4493 1775 4536 meatum
1785 4497 1872 4548 ωηο·

229 4554 283 4599 rea,
294 4549 336 4592 aut
345 4542 424 4604 ipsum
432 4551 601 4613 corpussuum
613 4540 638 4590 io
647 4543 745 4604 species
755 4552 817 4613 quas
827 4539 921 4591 velient
936 4546 1129 4597 accommodatas
1138 4546 1273 4610 actionibus
1289 4545 1341 4595 suls
1355 4551 1484 4597 vertemus
1497 4545 1631 4596 secuudum
1648 4549 1790 4599 unionum
1799 4547 1872 4598 stuta

228 4608 344 4654 uectore
353 4608 486 4666 potentiam
498 4614 505 4652 ι
518 4613 570 4666 ipsa
580 4609 662 4653 autem
672 4603 715 4652 uel
724 4608 832 4652 essemu
842 4615 965 4666 nunquam
976 4619 1020 4668 por
1031 4620 1060 4657 so
1072 4607 1148 4671 ipsam
1160 4608 1211 4657 visa
1222 4607 1304 4658 luerit.

952 4733 1162 4789 amouens

264 4861 429 4919 Puooeutua.
447 4888 483 4900 -
503 4859 529 4914 l.
549 4855 601 4915 Cur
625 4857 656 4912 de
679 4854 805 4911 Trinitate
829 4855 931 4913 sertim
957 4856 1026 4924 Quid
1077 4856 1216 4916 bominum
1229 4859 1326 4918 muniri
1341 4860 1512 4932 ¹inardesco,
1525 4876 1637 4919 necesse
1649 4869 1689 4917 est
1702 4875 1746 4918 rue
1757 4860 1832 4932 pail:
1847 4872 1875 4919 et

228 4971 247 5010 u
270 4953 403 5009 lectoribus
427 4949 560 5007 desideret.
587 4948 656 5017 Quid
676 4947 770 5002 dietum
792 4948 826 5002 uit
848 4948 875 5003 in
895 4951 1024 5021 ruperim
1076 4950 1184 5008 videant
1197 4969 1275 5023 uttam
1290 4953 1366 5012 iacile
1385 4955 1419 5011 ab
1438 4955 1489 5010 isio
1506 4955 1655 5025 laboreme
1667 4963 1829 5025 temperem,
1845 4965 1875 5011 et

229 5045 305 5104 libro.
320 5044 451 5110 Credant,
467 5043 513 5115 qui
527 5041 635 5108 volunt,
649 5039 728 5096 malle
747 5056 791 5096 nie
811 5040 926 5113 legendo
943 5056 1023 5113 quam
1075 5054 1175 5114 quanio
1189 5045 1268 5101 eiiam
1282 5046 1379 5116 gaudio
1392 5044 1483 5100 stilum
1499 5045 1597 5116 possim
1616 5043 1718 5101 habere
1735 5043 1871 5101 feriatum.

227 5140 339 5214 legenda
352 5138 476 5196 dictando
488 5137 619 5194 laborare.
632 5134 683 5206 Qui
694 5147 782 5192 alitem
797 5134 849 5192 boc
861 5137 1024 5194 nolunicre-
1074 5132 1151 5202 Quod
1162 5133 1185 5190 sl
1195 5151 1226 5192 ea
1236 5152 1295 5209 quae
1307 5136 1417 5208 legimus
1427 5134 1461 5191 de
1471 5134 1512 5191 itis
1522 5136 1612 5204 relius,
1626 5133 1790 5193 solllcienter
1799 5134 1871 5192 edita

228 5231 304 5299 dere,
318 5229 434 5302 experiri
446 5236 534 5284 autem
549 5234 576 5283 ei
588 5234 699 5298 possunt
711 5234 739 5282 et
751 5226 851 5292 nolunt,
864 5226 928 5283 dent
940 5225 1021 5298 quael
1074 5224 1102 5280 in
1116 5224 1198 5281 latino
1211 5241 1335 5282 sermone
1349 5236 1395 5281 ant
1407 5240 1460 5280 nun
1476 5233 1548 5294 sont,
1561 5234 1673 5282 autnon
1688 5226 1869 5293 inveniuntur,

228 5319 343 5394 legendo
354 5319 396 5376 vel
409 5318 477 5374 meis
486 5314 700 5388 inquisitionibus
709 5315 920 5388 respondeantur
929 5316 971 5373 vel
982 5316 1022 5374 iu·
1068 5324 1120 5374 aui
1132 5327 1206 5375 cerie
1217 5318 1353 5375 dllilcilea
1367 5319 1444 5374 nubis
1456 5316 1570 5374 inveniri
1583 5327 1699 5391 queunt,
1712 5332 1808 5391 gruum
1819 5333 1870 5374 au·

176 5462 182 5469 .
228 5409 452 5484 terrogationibut
463 5405 594 5476 allorum,
607 5422 672 5479 quas
685 5422 734 5479 pro
747 5423 805 5463 mea
815 5422 929 5478 persona
942 5422 1020 5477 quam
1073 5417 1127 5466 iem
1142 5409 1240 5482 lingue
1254 5423 1307 5465 non
1326 5404 1362 5465 sii
1380 5408 1457 5466 nobis
1477 5417 1566 5467 iunius
1585 5410 1707 5476 babitus,
1727 5416 1757 5466 ut
1774 5408 1870 5466 ialiotu

226 5502 257 5559 ln
270 5500 381 5558 servitio
395 5495 493 5555 Christi
507 5511 585 5568 gero,
600 5507 690 5571 cipro
703 5498 791 5554 studio
804 5512 857 5570 quo
874 5497 953 5554 iidem
972 5514 1020 5554 no-
1073 5515 1163 5557 rerum
1175 5500 1251 5557 libris
1264 5499 1383 5572 lugendis
1395 5509 1424 5558 et
1436 5502 1614 5574 intelligendis
1627 5502 1682 5560 ullo
1695 5503 1775 5561 modo
1790 5504 1870 5575 repc-

226 5604 313 5652 vtram
336 5590 478 5648 adversum
502 5603 621 5648 errorem
645 5591 790 5648 carnalium
813 5601 840 5649 et
864 5590 1019 5649 animalium
1072 5592 1174 5647 damur
1183 5590 1282 5657 idonci,
1296 5607 1350 5663 quo
1361 5607 1460 5665 uenere
1472 5593 1621 5653 litterarum
1634 5610 1666 5654 ex
1677 5594 1711 5653 iit
1719 5609 1780 5668 quae
1788 5592 1869 5652 uobis

260 5708 270 5740 ⁸
286 5702 357 5766 ratiti,
367 5699 478 5767 deame.
491 5702 651 5756 intendantur
664 5718 696 5757 ea
708 5704 883 5768 mmmcriptls.
1104 5703 1113 5737 ¹
1129 5707 1195 5761 tur..
1204 5699 1307 5756 nunus.
