3938 6360
246 210 302 271 835
808 203 853 259 ot:
872 199 1070 267 statilius,
1089 200 1119 257 S.
1138 202 1321 262 sususttxt
1823 210 1888 271 m

245 322 375 383 emm.
389 319 448 381 iius
459 316 573 387 aceedit,
586 318 648 390 mnia
660 316 749 373 omnis
760 316 876 374 essentia
888 330 949 386 que
965 314 1035 370 rela-
1090 327 1171 371 eausa
1189 325 1231 373 ost
1245 325 1273 372 ut
1284 317 1320 372 sit
1332 334 1340 370 :
1353 314 1465 388 proinde
1479 317 1645 390 tisapieotia
1656 337 1737 393 (με
1757 322 1885 395 guia,

247 414 304 471 tire
316 411 429 480 dieitur,
442 409 578 471 estetiam
586 408 686 479 aliquid
695 416 808 478 excepto
820 406 932 462 relativo
944 421 953 459 :
967 404 1038 459 sicui
1087 421 1169 462 musa
1187 407 1224 463 illi
1246 417 1332 464 estut
1350 410 1459 479 sapiens
1474 410 1530 477 sit,
1546 411 1626 468 etiarn
1650 423 1682 469 ut
1697 415 1735 470 sit
1757 416 1818 484 ipra
1844 412 1891 475 itti

246 503 330 559 Soram
341 502 474 566 dentiam
487 510 514 556 et
527 500 607 555 lrorno
618 513 723 566 sersus,
737 507 766 554 ει
778 513 861 568 equus
873 497 1034 567 jumentum,
1087 511 1168 552 eausa
1180 507 1231 555 est
1246 499 1323 566 anid
1344 500 1403 555 ieri
1415 515 1468 555 non
1480 510 1579 570 potat,
1593 503 1646 558 nisi
1662 504 1800 574 gignendo
1817 522 1888 563 ωι

247 602 276 649 et
287 606 411 649 nummus
423 593 520 657 arrlta,
536 589 616 645 horno
634 599 662 645 et
677 604 762 659 equus
780 597 808 645 ει
821 601 946 644 nummus
958 586 991 642 ad
1004 600 1036 642 se
1087 594 1134 641 ant
1145 585 1277 643 iaciendo.
1289 588 1342 643 Sed
1355 605 1442 659 neque
1457 591 1629 660 genitricem,
1640 608 1728 663 neque
1745 594 1887 649 mutiet.

246 683 381 749 dreumur,
405 691 433 738 et
452 681 607 736 substantia:
627 689 687 736 sunt
702 680 744 736 vel
757 680 895 745 essentie;
910 677 1034 732 dominus
1086 689 1145 731 cetu
1170 677 1257 733 Patris
1270 679 1325 733 ullo
1345 679 1578 750 modoquisqnataa
1592 680 1691 737 dixerit
1707 685 1886 754 sapietatiatu.

246 787 311 827 vero
325 781 352 827 et
371 786 465 826 servus
483 779 512 826 et
525 770 675 839 jumentum
687 779 714 824 ct
726 769 816 836 arrha,
831 769 864 823 ad
876 767 975 838 aliquid
989 781 1034 822 re·
1086 764 1155 833 Quid
1178 767 1250 820 enim
1275 767 1415 822 insanius?
1428 769 1497 838 Ergo
1509 779 1537 824 ει
1548 770 1628 825 Pater
1643 770 1701 838 ipse
1718 772 1727 804 ¹
1743 774 1883 843 sapientia

246 861 326 917 latire
339 861 471 916 dicuntur.
486 860 540 916 Sed
553 861 576 915 si
588 875 641 914 non
654 868 727 915 essct
739 859 831 925 homo,
849 857 875 913 id
890 867 933 912 cst
945 856 1034 926 aliqua
1086 864 1128 908 εει
1143 872 1149 908 :
1165 856 1240 909 etita
1256 856 1352 912 dicitur
1364 857 1386 911 F
1387 859 1447 912 ilius
1459 859 1588 928 sapientia
1609 861 1714 929 Patris,
1738 862 1883 932 quomodo

245 951 402 1016 substantia,
419 966 471 1005 nou
486 958 558 1005 esset
570 950 616 1021 qui
630 949 740 1005 relative
751 947 875 1003 dominus
885 947 1033 1002 diceretur:
1085 942 1277 1001 diciturlutuen
1287 946 1391 1013 Patris;
1407 948 1495 1015 idest,
1505 951 1883 1019 utquemadmodutnlumen

196 1102 201 1111 ,
245 1050 274 1098 et
295 1042 318 1096 si
342 1058 394 1096 nort
416 1051 487 1096 esset
505 1054 589 1110 equus
611 1038 731 1110 quedam
746 1039 878 1103 essentia,
893 1052 948 1091 nott
962 1045 1034 1091 esset
1085 1034 1120 1091 de
1133 1036 1243 1101 lumine,
1256 1046 1285 1093 et
1303 1046 1444 1108 utrumqne
1458 1055 1541 1095 unum
1563 1041 1672 1107 lumeu;
1687 1042 1728 1096 sie
1740 1042 1882 1112 intelliga-

245 1131 317 1203 quod
343 1132 493 1202 jumentum
516 1116 624 1185 relative
643 1129 775 1185 diceretur
790 1147 797 1182 :
812 1128 849 1182 ita
867 1128 890 1182 si
909 1140 1034 1181 nummus
1086 1135 1130 1182 tur
1143 1129 1272 1198 sapientia
1284 1128 1881 1204 desipientiaetounmqooooasapieotia:

246 1237 300 1280 rron
314 1232 385 1278 esset
393 1222 481 1292 aliqua
494 1220 651 1286 substantia,
666 1234 716 1274 nec
727 1218 806 1274 arrlta
821 1226 910 1288 posset
923 1216 1034 1271 relative
1085 1231 1149 1286 ergo
1171 1228 1197 1272 et
1223 1233 1274 1272 una
1300 1219 1434 1286 essentia,
1449 1221 1512 1290 quia
1535 1222 1587 1277 hoe
1606 1231 1648 1277 est
1667 1222 1705 1279 iii
1722 1238 1787 1280 ease
1804 1225 1883 1295 quod

246 1311 310 1369 diei.
331 1312 496 1382 Quapropter
515 1311 537 1366 si
559 1319 587 1366 ει
605 1311 684 1367 Pater
705 1324 757 1364 non
784 1319 826 1365 est
845 1308 944 1380 aliquid
957 1307 990 1363 ad
1003 1322 1034 1362 se
1085 1321 1191 1376 sapere.
1205 1307 1282 1375 Quod
1294 1310 1366 1364 enim
1379 1320 1420 1364 εει
1432 1310 1570 1380 sapientia:
1586 1326 1691 1381 rapere,
1704 1323 1732 1366 et
1749 1317 1885 1384 potentia»,

247 1402 344 1472 ipsum,
364 1416 417 1456 nou
440 1408 483 1455 est
503 1399 611 1455 omnino
624 1399 670 1468 qui
689 1398 799 1453 relative
813 1397 915 1458 dicatur
935 1396 968 1450 ad
983 1396 1033 1449 ali·
1084 1411 1182 1467 posse,
1206 1406 1234 1451 et
1258 1399 1399 1453 aeternitati
1423 1401 1759 1472 aeternatnesse,1'ostitiu
1775 1402 1883 1472 justam

245 1490 320 1565 quid.
335 1489 391 1546 tion
413 1491 505 1557 enim,
520 1487 746 1558 sicutadaliquid
760 1487 906 1542 coloratum
920 1486 1033 1541 relertur
1085 1500 1156 1552 esse,
1179 1487 1353 1557 magnitudini
1374 1504 1497 1559 maguam
1519 1503 1597 1555 esse;
1618 1488 1669 1543 ltoc
1687 1499 1730 1544 est
1750 1492 1884 1547 essentia

247 1581 321 1636 eolor
332 1580 401 1651 ejus,
417 1595 466 1637 nec
479 1579 589 1635 omnino
601 1579 634 1633 ad
649 1577 788 1633 sedicitur
801 1575 885 1642 color,
900 1574 1033 1629 sedsem·
1085 1576 1171 1646 ipsum
1198 1592 1269 1632 esse.
1293 1578 1328 1632 Et
1351 1579 1461 1648 quinio
1484 1580 1529 1633 illa
1555 1578 1725 1649 simplicitate
1755 1594 1815 1635 nort
1839 1590 1885 1637 est

247 1685 295 1741 per
306 1671 417 1741 alieuius
431 1669 540 1725 colorati
552 1678 609 1735 est:
626 1666 691 1722 illud
705 1674 792 1722 autem
806 1666 881 1737 eujus
895 1665 969 1720 color
980 1674 1032 1730 est,
1085 1665 1155 1720 aliud
1169 1681 1264 1736 sapere
1276 1683 1355 1738 quatu
1369 1682 1439 1734 esse,
1454 1667 1548 1723 eadem
1563 1668 1599 1723 ibi
1616 1668 1747 1740 sapientia
1760 1679 1808 1726 est
1819 1687 1885 1742 qua

246 1759 360 1816 etiamsi
379 1774 412 1816 eo
431 1759 501 1830 quod
515 1759 661 1814 coloratum
678 1756 785 1820 dicitur,
800 1755 834 1810 ad
852 1754 971 1809 colorem
989 1769 1033 1810 re·
1085 1757 1211 1810 essentia.

246 1849 342 1916 sertor,
357 1859 445 1915 tamen
459 1849 486 1905 id
499 1846 570 1919 quod
583 1861 681 1917 eorpus
694 1845 808 1911 dieitur,
823 1843 856 1899 ad
869 1859 898 1899 se
912 1842 1009 1899 dicitur
1024 1860 1032 1897 :
1120 1845 1232 1903 castil
1251 1845 1359 1903 ll.-5.
1372 1846 1478 1902 Poterat
1486 1847 1570 1904 Filiae
1581 1849 1658 1904 dreni
1669 1866 1721 1904 nro
1732 1851 1882 1923 snpientia,

247 1938 304 1995 ullo
317 1938 397 1995 modo
409 1939 445 1994 ita
457 1935 602 2009 putandum
617 1942 659 1991 est
670 1935 776 1990 Patrem
791 1949 844 1989 non
863 1933 915 1988 diei
935 1931 1034 2002 aliquid
1085 1936 1148 1990 deut
1160 1953 1212 1992 ana
1224 1937 1346 2004 mentio,
1373 1939 1472 1992 tametsi
1496 1955 1547 1993 non
1570 1939 1648 1993 timui
1659 1956 1738 1994 sunm
1755 1939 1884 1996 Verium.

247 2027 282 2084 ad
303 2043 334 2085 se
357 2028 463 2100 ipsum,
485 2025 532 2082 sed
551 2023 677 2097 quidquid
690 2023 787 2080 dicitur
800 2021 835 2077 ad
849 2021 945 2077 Filium
958 2021 1009 2076 dici
1024 2037 1033 2088 ;
1087 2025 1167 2081 Pater
1179 2026 1258 2097 igitur
1269 2034 1296 2081 ει
1307 2026 1391 2083 Filius
1402 2026 1482 2081 simul
1501 2042 1554 2082 una
1565 2027 1694 2095 essentia,
1715 2037 1809 2085 etum
1822 2045 1886 2085 rna·

247 2118 370 2177 eumdem
384 2133 447 2174 vcro
460 2116 556 2173 Filium
575 2127 603 2172 ει
618 2114 652 2170 ad
674 2129 704 2170 se
721 2116 806 2185 ipsum
820 2111 968 2177 eisteten
983 2111 1034 2166 Pa·
1085 2117 1212 2188 gnitudo,
1229 2126 1256 2172 et
1269 2132 1321 2172 una
1334 2118 1449 2184 veritas,
1471 2126 1500 2174 et
1510 2133 1563 2173 urta
1586 2119 1726 2188 sapientia.
1746 2119 1806 2176 Sed
1826 2136 1886 2177 non

247 2219 325 2276 trem,
335 2224 396 2265 euro
408 2207 504 2266 dieitur
518 2204 669 2278 magnitudo
683 2203 916 2275 magna¹etvirtus
928 2210 1033 2273 potens,
1085 2206 1165 2262 Pater
1176 2214 1204 2261 et
1225 2205 1310 2261 Filius
1320 2207 1399 2263 simul
1412 2207 1491 2263 ambo
1503 2223 1584 2263 unum
1599 2205 1735 2276 Verbum,
1748 2209 1814 2280 qnia
1827 2224 1887 2267 non

246 2299 340 2372 nilque
350 2297 383 2354 ad
397 2313 427 2354 se
439 2298 536 2368 ipsum,
550 2305 577 2353 et
591 2293 743 2366 magnitudo
757 2303 837 2364 atque
849 2293 932 2349 vuius
946 2290 1035 2362 magni
1087 2296 1258 2353 simulamine
1274 2312 1341 2352 unus
1352 2297 1444 2354 Filius.
1460 2297 1536 2355 Sicut
1548 2298 1619 2353 euim
1631 2297 1714 2355 Filius
1723 2299 1758 2354 ad
1772 2298 1887 2356 Patrem

247 2396 275 2446 et
286 2388 403 2462 potentis
419 2388 515 2463 Patris,
540 2401 591 2457 qua
611 2385 690 2441 Pater
711 2399 821 2455 magnus
832 2389 860 2439 ει
875 2389 1033 2453 potensest.
1086 2386 1216 2453 retertur,
1236 2403 1289 2441 non
1308 2386 1342 2443 ad
1354 2402 1384 2443 eo
1398 2389 1485 2458 ipsum
1497 2387 1611 2455 (licitum
1624 2388 1661 2442 ito
1672 2397 1700 2443 αι
1715 2387 1838 2445 verbm
1850 2390 1886 2445 ap

246 2476 305 2534 lion
320 2493 384 2550 ergo
396 2478 443 2546 ita,
457 2477 504 2533 sed
518 2485 658 2546 utrumque
674 2474 819 2529 substantia
831 2513 839 2538 ,
853 2480 881 2528 ei
894 2480 1036 2540 uirumque
1086 2493 1148 2534 eum
1162 2484 1238 2550 euius
1250 2477 1367 2535 Verbum
1379 2488 1421 2535 est
1432 2478 1557 2547 retertur,
1563 2494 1625 2535 cum
1636 2477 1734 2536 dicitur
1747 2479 1884 2537 tesino.

247 2580 301 2623 ona
315 2566 472 2624 substantia.
495 2565 569 2622 Sicut
589 2574 678 2620 autem
699 2563 844 2620 absrtrdum
866 2569 908 2617 est
924 2560 1034 2625 dicere,
1087 2569 1128 2626 Eo
1149 2570 1246 2641 quippe
1267 2569 1349 2626 Filius
1366 2586 1420 2642 qno
1439 2571 1572 2637 Verbum,
1595 2579 1624 2626 ει
1646 2586 1679 2628 ει)
1693 2570 1814 2628 veroum
1829 2587 1886 2644 qtro

246 2658 389 2716 madidum
408 2673 461 2714 rron
476 2672 538 2714 esse
554 2657 713 2721 eandorem:
730 2655 769 2710 sic
783 2653 927 2709 absurdum
940 2650 1034 2708 estdi·
1087 2659 1181 2718 Filius,
1202 2660 1333 2728 Quoniam
1360 2661 1440 2732 igitur
1461 2660 1540 2715 Pater
1563 2670 1591 2718 et
1611 2659 1694 2716 Filius
1718 2661 1803 2717 simut
1827 2678 1884 2718 nnn

247 2765 325 2817 cere,
338 2748 483 2821 sapientem
496 2762 549 2803 oon
559 2762 619 2803 esse
629 2746 783 2816 sapientiam
799 2763 805 2799 :
817 2753 844 2800 ει
856 2745 925 2799 sicut
936 2742 1037 2799 candor
1087 2751 1178 2822 urique
1189 2765 1258 2807 unus
1267 2750 1370 2819 Filius,
1382 2765 1548 2821 consequens
1562 2758 1605 2806 est
1616 2758 1645 2804 ut
1661 2749 1741 2806 Pater
1754 2759 1783 2806 et
1795 2749 1884 2809 Filio.

248 2839 283 2896 ad
298 2853 328 2896 ie
341 2838 428 2909 ipsum
440 2838 570 2894 candidus
582 2836 696 2903 dielitlr,
712 2837 748 2890 iia
761 2844 789 2891 ei
802 2834 932 2906 inplenlia
954 2834 987 2888 dd
1006 2848 1036 2889 se
1087 2841 1167 2897 simul
1176 2857 1230 2896 nitu
1239 2839 1378 2897 altiliorum
1391 2857 1473 2896 unum
1484 2840 1612 2897 Verbum.
1625 2840 1658 2894 Ei
1670 2849 1815 2917 propterea
1826 2856 1881 2897 uon

248 2928 333 3002 ipsam
347 2927 444 2985 dicitur
464 2928 579 2999 sapiens.
602 2926 655 2984 Sed
673 2926 773 2982 candor
786 2925 907 2996 eorporis
920 2940 973 2981 oon
994 2934 1037 2980 est
1088 2947 1121 2988 ω
1132 2929 1248 2988 Verbum
1261 2946 1314 3002 quo
1326 2929 1472 3002 sapientia:
1481 2930 1542 3002 guia
1555 2930 1671 2986 Verbum
1681 2946 1735 2986 non
1748 2929 1784 2985 ad
1798 2929 1883 2987 sedi·

248 3020 381 3085 esseutia3
396 3021 522 3091 quoniam
536 3022 622 3089 ipsum
641 3033 737 3088 eorpus
748 3016 861 3073 essentia
877 3025 928 3082 est,
946 3025 974 3071 et
991 3016 1037 3071 illa
1087 3022 1170 3089 citur,
1187 3021 1234 3078 sed
1252 3029 1353 3077 notum
1364 3022 1474 3078 relative
1486 3019 1592 3077 adeum
1603 3019 1679 3090 cujus
1692 3017 1813 3075 ternum
1823 3030 1881 3089 est,

247 3112 306 3185 elus
316 3110 430 3184 qualitas
443 3127 449 3164 :
463 3109 534 3166 unde
546 3117 573 3164 et
584 3108 619 3165 ali
630 3124 663 3165 ea
673 3108 770 3164 dicitur
778 3106 918 3165 candidum
927 3121 1035 3178 eorpus,
1087 3111 1156 3169 estut
1170 3111 1253 3167 Filius
1263 3112 1297 3167 ad
1310 3111 1416 3168 Patrem
1431 3133 1439 3168 ι
1454 3111 1582 3184 sapientia
1596 3124 1660 3166 rmo
1671 3124 1705 3166 eo
1718 3124 1773 3183 guo
1787 3125 1884 3167 esen-

247 3202 290 3260 eni
304 3217 358 3259 non
368 3200 420 3258 ltoc
432 3210 543 3258 estesse
554 3200 624 3272 quod
635 3199 776 3256 candidum
789 3214 859 3256 esse.
873 3198 951 3254 otim
964 3199 1035 3255 enirn
1087 3202 1134 3258 tia.
1150 3201 1185 3258 Et
1206 3201 1266 3259 ideo
1280 3202 1341 3274 quia
1357 3216 1407 3256 una
1430 3202 1560 3267 essentia,
1577 3215 1629 3255 una
1644 3199 1785 3269 sapientia.
1806 3199 1883 3269 Quo·

247 3292 285 3351 lltl
297 3291 393 3364 iortrra,
404 3301 431 3350 et
442 3290 513 3348 aliud
525 3291 614 3360 color:
628 3299 803 3361 etntrumqoe
817 3305 872 3346 non
885 3289 912 3347 in
924 3304 954 3345 se
966 3288 1036 3360 ipso,
1088 3291 1159 3347 triam
1184 3305 1249 3347 vero
1273 3299 1301 3347 et
1326 3289 1442 3345 Verbum
1456 3293 1467 3324 ¹
1487 3290 1614 3361 sapientia
1639 3296 1692 3358 esi,
1704 3287 1754 3345 sed
1775 3304 1832 3345 non
1848 3305 1884 3346 eo

247 3382 295 3440 ⁸0¹¹
308 3383 334 3439 111
347 3378 436 3454 11111111
450 3382 530 3451 1110111,
546 3397 605 3453 111111
618 3379 704 3437 1110111
718 3393 768 3435 11111
784 3379 886 3446 11111111,
900 3377 1038 3434 ¹¹000010i
1088 3384 1204 3441 Verbum
1216 3398 1270 3455 quo
1291 3382 1436 3453 sapientia:
1451 3380 1568 3438 Verbum
1590 3380 1662 3438 enirn
1686 3380 1817 3451 relative,
1838 3395 1885 3439 sa·

247 3483 306 3542 ert,
322 3472 370 3531 ved
391 3471 505 3531 lomnata
525 3481 554 3529 et
570 3471 699 3529 colorata.
714 3468 849 3540 Sapientia
871 3483 933 3524 vern
950 3476 977 3523 ει
991 3481 1036 3522 sa·
1089 3458 1189 3546 pientia
1202 3471 1380 3531 essentialiter
1403 3470 1579 3542 intelligitur:
1595 3470 1620 3526 id
1639 3469 1694 3527 dici
1716 3469 1885 3543 accipiamus

248 3564 326 3637 piens
338 3572 389 3634 est,
404 3573 431 3621 et
442 3578 473 3620 se
483 3563 539 3635 ipsa
549 3562 656 3633 sapiens
663 3568 714 3617 est.
722 3560 756 3616 Et
764 3559 889 3632 quorsom
899 3573 1036 3630 quaeum·
1089 3577 1149 3618 curn
1162 3561 1259 3618 dicitur
1271 3560 1399 3625 llerltum,
1412 3574 1444 3615 ae
1457 3560 1479 3615 ti
1491 3558 1603 3625 utetur,
1616 3568 1677 3615 nata
1691 3558 1838 3633 sapientia,
1852 3563 1885 3617 tt't

247 3670 301 3728 que
320 3656 407 3712 anima
426 3653 629 3728 participatione
654 3652 791 3723 sapientiae
813 3651 843 3706 llt
868 3652 987 3722 sapiens,
1014 3652 1036 3708 si
1088 3651 1123 3709 sit
1141 3660 1168 3708 et
1180 3650 1262 3706 Filius
1274 3658 1302 3706 et
1316 3650 1412 3720 imago.
1436 3648 1469 3707 Et
1483 3648 1604 3705 lraeeduo
1617 3663 1677 3704 cum
1698 3647 1884 3718 dicuutur,id

248 3762 341 3805 rursus
355 3746 487 3818 deripiat,
504 3753 596 3802 manet
614 3752 703 3800 tantm
729 3744 757 3799 in
779 3758 809 3800 se
829 3742 969 3813 sapientia,
988 3757 1038 3799 nec
1088 3750 1144 3806 est,
1159 3739 1372 3810 ootempierrtio,
1388 3739 1414 3796 in
1428 3754 1585 3796 uuoeorum
1599 3738 1721 3809 eoquod
1745 3749 1790 3798 est
1807 3750 1883 3809 note,

249 3851 310 3892 curo
323 3835 410 3891 anima
425 3833 544 3891 fueritin
557 3831 1039 3896 stultitiam¹cornmouta,titaneu-
1089 3842 1116 3890 et
1129 3832 1262 3899 Verbum,
1284 3841 1312 3888 et
1337 3831 1441 3903 image,
1456 3838 1484 3887 et
1504 3829 1589 3886 Filius
1601 3828 1782 3901 intelligatur,
1802 3840 1833 3889 et
1855 3830 1883 3887 io

250 3932 294 3981 tur
308 3942 315 3980 :
329 3937 381 3980 oon
396 3924 432 3980 ita
445 3933 486 3980 est
506 3925 532 3981 ln
546 3923 636 3996 coqui
650 3938 684 3980 ex
699 3938 735 3984 ea
751 3923 781 3978 ilt
797 3922 921 3994 sapiens,
943 3937 1037 3994 quem·
1090 3925 1132 3981 ltis
1144 3923 1268 3980 omnibus
1279 3922 1432 3979 nominibus
1446 3936 1499 3978 nou
1512 3920 1667 3979 ostendatur
1673 3920 1808 3991 eseam,
1819 3923 1883 4001 quia

249 4012 392 4071 admodum
406 4014 507 4072 candor
523 4013 551 4071 in
571 4028 684 4086 corpore
700 4013 771 4087 quod
789 4012 882 4069 exilio
897 4012 1038 4070 candidum
1089 4016 1198 4072 relative
1208 4014 1330 4073 dicuntur
1340 4032 1347 4068 :
1358 4022 1387 4069 at
1399 4013 1426 4069 in
1438 4012 1522 4069 altero
1530 4011 1601 4083 guod
1612 4019 1654 4068 est
1664 4011 1884 4085 nonnemo

248 4112 301 4162 est.
314 4102 381 4162 Cum
399 4105 471 4162 enim
484 4119 581 4176 corpus
593 4104 620 4160 in
634 4104 717 4160 alium
731 4105 848 4160 colorem
862 4102 941 4159 luerit
953 4111 1039 4158 muta-
1089 4106 1160 4162 niam
1175 4115 1203 4162 et
1213 4105 1248 4160 ad
1257 4120 1287 4161 se
1299 4104 1405 4172 dicitnr,
1417 4119 1447 4161 te
1459 4105 1516 4176 ipsa
1527 4103 1599 4160 enim
1610 4102 1718 4174 sapiens
1729 4111 1787 4171 est,
1799 4104 1884 4161 etiam

249 4204 317 4264 tuot,
330 4211 383 4253 non
397 4196 515 4255 manebit
526 4194 626 4254 candor
641 4196 705 4266 ille,
727 4195 774 4253 sed
788 4196 897 4253 omnino
913 4211 974 4252 esse
990 4195 1038 4253 de·
1089 4193 1206 4252 essentia
1220 4192 1427 4263 demonstretur,
1439 4200 1468 4251 et
1480 4191 1603 4263 linceius
1615 4190 1760 4265 essequod
1774 4207 1882 4265 sapam.

248 4285 328 4343 sinet.
343 4286 419 4356 Quod
439 4287 461 4344 si
475 4298 501 4344 et
513 4286 592 4345 Pater
602 4284 647 4358 qui
659 4286 752 4358 genuit
765 4286 934 4357 sapientiam,
955 4301 987 4341 ex
1005 4300 1038 4341 ea
1090 4283 1167 4342 Unde
1181 4285 1259 4342 Pater
1281 4294 1308 4341 et
1320 4285 1404 4341 Filius
1426 4285 1505 4341 simul
1528 4299 1580 4341 urta
1593 4283 1738 4355 sapientia,
1752 4284 1816 4356 guia
1830 4301 1884 4343 una

250 4372 281 4431 tit
293 4377 410 4449 sapiens,
425 4393 511 4450 oeque
525 4366 576 4433 ltoc
586 4386 629 4433 est
640 4376 677 4432 illi
687 4392 748 4433 esse
764 4375 836 4447 quod
854 4391 958 4447 sapere,
972 4390 1038 4446 qna·
1090 4377 1225 4445 essentia,
1240 4384 1269 4432 et
1288 4375 1440 4447 singillatim
1462 4374 1592 4447 sapientia
1602 4373 1636 4431 de
1650 4374 1800 4448 sapientia,
1814 4376 1884 4433 sintii

249 4464 312 4520 litas
327 4466 384 4536 elus
398 4475 439 4522 est
454 4466 555 4533 Filius:
576 4480 629 4522 nott
643 4464 733 4537 proles
747 4465 815 4536 ejus,
830 4475 858 4521 ct
872 4480 923 4522 oon
937 4465 972 4522 ilii
987 4466 1040 4522 erit
1091 4468 1207 4526 essentia
1220 4467 1254 4524 de
1266 4466 1392 4524 essentia.
1403 4468 1578 4539 Quapropter,
1593 4482 1645 4523 ooo
1658 4467 1718 4537 quia
1736 4466 1818 4524 Pater
1829 4483 1883 4525 uon

247 4555 303 4628 lam
318 4571 421 4613 summa
438 4558 604 4630 simplicitas.
627 4556 681 4613 Sed
709 4557 778 4613 absit
801 4565 831 4612 ut
852 4556 889 4612 ita
902 4556 952 4623 sit:
978 4560 1039 4629 quia
1091 4559 1243 4628 estFilius,
1260 4568 1287 4614 ct
1300 4558 1383 4614 Filius
1391 4573 1445 4613 nou
1455 4566 1496 4614 est
1511 4555 1601 4626 Pater,
1613 4566 1660 4613 aut
1673 4557 1718 4613 ille
1728 4548 1890 4628 ingenitur,

250 4661 314 4705 vere
333 4646 368 4705 ibi
390 4655 431 4704 est
452 4663 555 4705 summe
576 4647 688 4719 simplex
709 4648 843 4705 essentia:
860 4648 911 4705 linc
923 4664 987 4721 ergo
998 4658 1039 4706 est
1092 4652 1138 4709 ille
1150 4659 1238 4707 autern
1250 4649 1376 4720 genium,
1399 4648 1458 4705 ideo
1473 4664 1526 4704 non
1541 4663 1592 4704 una
1610 4646 1727 4705 essentia
1742 4665 1750 4703 :
1764 4649 1829 4723 quia
1844 4649 1886 4705 iis

250 4739 288 4800 lbi
300 4756 360 4800 esse
373 4740 445 4815 quod
460 4756 563 4815 sapere.
579 4742 656 4810 Quod
675 4741 697 4799 sl
718 4739 770 4798 lroc
783 4747 825 4798 est
838 4739 873 4798 ibi
888 4755 948 4797 esse
968 4739 1040 4811 quod
1092 4738 1243 4797 nominibus
1255 4737 1462 4795 relativaeomm
1480 4734 1887 4811 ostenduntur.literqueautern

250 4844 357 4903 sapere,
369 4848 422 4888 nou
436 4847 484 4905 per
496 4832 568 4888 illam
581 4832 738 4903 sapientiam
748 4847 827 4905 quam
838 4832 1040 4905 genuitsapiens
1093 4848 1172 4888 nmu.
1185 4846 1236 4886 una
1253 4830 1399 4901 sapientia,
1410 4839 1438 4885 et
1448 4843 1499 4884 uua
1508 4827 1623 4885 essentia
1634 4826 1697 4897 ,ulti
1710 4826 1889 4886 lroceatetoe

135 4906 144 4927 '
250 4928 293 4978 cst
304 4920 398 4988 Pater:
414 4922 530 4995 alioquin
549 4939 602 4980 nort
618 4923 675 4994 ipse
694 4923 778 4989 illam,
792 4921 840 4978 sed
859 4922 902 4978 illa
918 4938 980 4979 eum
991 4939 1040 4995 gc·
1092 4923 1162 4994 quod
1173 4936 1267 4993 sapere
1282 4938 1289 4976 :
1302 4936 1355 4976 oon
1375 4908 1465 4976 autem
1486 4919 1566 4977 simul
1580 4929 1692 4991 uterque
1703 4916 1824 4977 Verbum
1842 4930 1891 4977 ant

251 5012 319 5068 mrit.
335 5014 404 5083 Quid
417 5014 488 5072 enlrn
501 5015 573 5072 aliud
586 5015 709 5081 dicimus,
721 5028 782 5070 eum
794 5011 917 5080 dicimus,
933 5015 989 5071 lloe
1003 5013 1040 5070 illi
1093 5012 1191 5079 Filius,
1205 5013 1333 5084 quianon
1349 5011 1399 5067 ltoc
1418 5020 1460 5069 est
1482 5026 1542 5068 esse
1562 5008 1633 5084 quod
1648 5010 1765 5068 Verbum
1776 5016 1829 5069 aut
1841 5008 1897 5097 lii·¹

251 5112 365 5160 estesse
379 5104 449 5176 quod
469 5121 574 5176 sapere,
592 5106 653 5174 nisi,
679 5105 718 5161 lio
733 5113 773 5161 est
792 5119 844 5175 quo
858 5106 964 5176 sapiens
977 5104 1041 5162 est?
1093 5106 1158 5163 lium
1173 5120 1233 5162 esse
1252 5123 1259 5160 ι
1276 5105 1344 5161 sieut
1356 5101 1412 5175 jam
1432 5104 1497 5164 satis
1516 5102 1683 5161 ostendimus
1700 5101 1756 5161 ista
1773 5101 1895 5189 relative

251 5191 419 5267 Quapropter
432 5210 492 5266 qne
508 5209 589 5251 eausa
603 5193 642 5250 illi
656 5203 698 5251 est
711 5202 741 5249 ut
756 5193 863 5264 sapiens
876 5196 921 5262 sit,
936 5195 993 5267 ipsa
1004 5195 1040 5253 illi
1094 5195 1157 5251 diei.

283 5344 372 5406 ,ΑΜ
382 5350 419 5396 m
433 5354 459 5398 et
468 5353 524 5397 mv·
544 5346 704 5419 mmmm
721 5356 815 5420 sensus·
826 5345 904 5421 “idm
915 5347 1041 5457 tama,
1129 5280 1242 5343 CAPUT
1260 5282 1305 5340 iii.
1323 5313 1359 5325 -
1377 5283 1404 5340 l.
1420 5282 1559 5357 Sopreouae
1568 5280 1668 5339 tremine
1679 5298 1727 5339 cttr
1741 5280 1830 5341 Felice
1842 5300 1894 5359 pe·

251 5408 1043 5534 iiiiii}mirilidiilllili.isitii:
1333 5530 1339 5540 ,
1487 5527 1539 5540 ..

254 5524 497 5621 mnerdtndomopno.
577 5586 582 5593 ι
1127 5525 1341 5620 1ειιεὶ1κειεειιι1ιι
1352 5526 1592 5588 [contemtlone.

311 5594 421 5647 tortere
430 5587 535 5641 animm.
1127 5591 1191 5644 ’,ιιιιι
1201 5583 1264 5642 aiud
1273 5596 1327 5640 tov.
1340 5590 1456 5652 additum,
1468 5601 1499 5641 et.
1590 5620 1595 5625 -

1095 5378 1218 5435 tissimum
1228 5376 1370 5430 insinuetur
1382 5375 1409 5429 io
1424 5374 1563 5446 Scripturir
1576 5390 1634 5429 rant
1647 5382 1671 5430 et
1685 5370 1765 5431 Pater
1774 5374 1897 5451 eiSpirl·
